%YAML 1.1
%TAG !u! tag:unity3d.com,2011:
--- !u!1 &6153903632358935336
GameObject:
  m_ObjectHideFlags: 0
  m_CorrespondingSourceObject: {fileID: 0}
  m_PrefabInstance: {fileID: 0}
  m_PrefabAsset: {fileID: 0}
  serializedVersion: 6
  m_Component:
  - component: {fileID: 8069474219255727048}
  - component: {fileID: 510853842119349725}
  - component: {fileID: 6097199673477965012}
  m_Layer: 5
  m_Name: BG_IMG
  m_TagString: Untagged
  m_Icon: {fileID: 0}
  m_NavMeshLayer: 0
  m_StaticEditorFlags: 0
  m_IsActive: 1
--- !u!224 &8069474219255727048
RectTransform:
  m_ObjectHideFlags: 0
  m_CorrespondingSourceObject: {fileID: 0}
  m_PrefabInstance: {fileID: 0}
  m_PrefabAsset: {fileID: 0}
  m_GameObject: {fileID: 6153903632358935336}
  m_LocalRotation: {x: 0, y: 0, z: 0, w: 1}
  m_LocalPosition: {x: 0, y: 0, z: 0}
  m_LocalScale: {x: 1, y: 1, z: 1}
  m_Children:
  - {fileID: 8526809873587435782}
  m_Father: {fileID: 8526809873963833458}
  m_RootOrder: 0
  m_LocalEulerAnglesHint: {x: 0, y: 0, z: 0}
  m_AnchorMin: {x: 0.5, y: 0.5}
  m_AnchorMax: {x: 0.5, y: 0.5}
  m_AnchoredPosition: {x: 0, y: 0}
  m_SizeDelta: {x: 600, y: 800}
  m_Pivot: {x: 0.5, y: 0.5}
--- !u!222 &510853842119349725
CanvasRenderer:
  m_ObjectHideFlags: 0
  m_CorrespondingSourceObject: {fileID: 0}
  m_PrefabInstance: {fileID: 0}
  m_PrefabAsset: {fileID: 0}
  m_GameObject: {fileID: 6153903632358935336}
  m_CullTransparentMesh: 0
--- !u!114 &6097199673477965012
MonoBehaviour:
  m_ObjectHideFlags: 0
  m_CorrespondingSourceObject: {fileID: 0}
  m_PrefabInstance: {fileID: 0}
  m_PrefabAsset: {fileID: 0}
  m_GameObject: {fileID: 6153903632358935336}
  m_Enabled: 1
  m_EditorHideFlags: 0
  m_Script: {fileID: 11500000, guid: fe87c0e1cc204ed48ad3b37840f39efc, type: 3}
  m_Name: 
  m_EditorClassIdentifier: 
  m_Material: {fileID: 0}
  m_Color: {r: 1, g: 1, b: 1, a: 1}
  m_RaycastTarget: 1
  m_RaycastPadding: {x: 0, y: 0, z: 0, w: 0}
  m_Maskable: 1
  m_OnCullStateChanged:
    m_PersistentCalls:
      m_Calls: []
  m_Sprite: {fileID: 21300000, guid: b001ad22efb1637408d6771b8cf67544, type: 3}
  m_Type: 1
  m_PreserveAspect: 0
  m_FillCenter: 1
  m_FillMethod: 4
  m_FillAmount: 1
  m_FillClockwise: 1
  m_FillOrigin: 0
  m_UseSpriteMesh: 0
  m_PixelsPerUnitMultiplier: 1
--- !u!1 &8526809873587435781
GameObject:
  m_ObjectHideFlags: 0
  m_CorrespondingSourceObject: {fileID: 0}
  m_PrefabInstance: {fileID: 0}
  m_PrefabAsset: {fileID: 0}
  serializedVersion: 6
  m_Component:
  - component: {fileID: 8526809873587435782}
  - component: {fileID: 8526809873587435832}
  - component: {fileID: 8526809873587435783}
  m_Layer: 5
  m_Name: TitleQuestion_Text (TMPUGUI) (1)
  m_TagString: Untagged
  m_Icon: {fileID: 0}
  m_NavMeshLayer: 0
  m_StaticEditorFlags: 0
  m_IsActive: 1
--- !u!224 &8526809873587435782
RectTransform:
  m_ObjectHideFlags: 0
  m_CorrespondingSourceObject: {fileID: 0}
  m_PrefabInstance: {fileID: 0}
  m_PrefabAsset: {fileID: 0}
  m_GameObject: {fileID: 8526809873587435781}
  m_LocalRotation: {x: -0, y: -0, z: -0, w: 1}
  m_LocalPosition: {x: 0, y: 0, z: 0}
  m_LocalScale: {x: 1, y: 1, z: 1}
  m_Children: []
  m_Father: {fileID: 8069474219255727048}
  m_RootOrder: 0
  m_LocalEulerAnglesHint: {x: 0, y: 0, z: 0}
  m_AnchorMin: {x: 0.5, y: 0.5}
  m_AnchorMax: {x: 0.5, y: 0.5}
  m_AnchoredPosition: {x: 0, y: 255}
  m_SizeDelta: {x: 550, y: 100}
  m_Pivot: {x: 0.5, y: 0.5}
--- !u!222 &8526809873587435832
CanvasRenderer:
  m_ObjectHideFlags: 0
  m_CorrespondingSourceObject: {fileID: 0}
  m_PrefabInstance: {fileID: 0}
  m_PrefabAsset: {fileID: 0}
  m_GameObject: {fileID: 8526809873587435781}
  m_CullTransparentMesh: 0
--- !u!114 &8526809873587435783
MonoBehaviour:
  m_ObjectHideFlags: 0
  m_CorrespondingSourceObject: {fileID: 0}
  m_PrefabInstance: {fileID: 0}
  m_PrefabAsset: {fileID: 0}
  m_GameObject: {fileID: 8526809873587435781}
  m_Enabled: 1
  m_EditorHideFlags: 0
  m_Script: {fileID: 11500000, guid: f4688fdb7df04437aeb418b961361dc5, type: 3}
  m_Name: 
  m_EditorClassIdentifier: 
  m_Material: {fileID: 0}
  m_Color: {r: 1, g: 1, b: 1, a: 1}
  m_RaycastTarget: 1
  m_RaycastPadding: {x: 0, y: 0, z: 0, w: 0}
  m_Maskable: 1
  m_OnCullStateChanged:
    m_PersistentCalls:
      m_Calls: []
  m_text: 'Input pertanyaan di sini.

    Maximal 3 line, Max font size: 28, min
    : 20

    Kira2 segini lah.'
  m_isRightToLeft: 0
  m_fontAsset: {fileID: 11400000, guid: 8f586378b4e144a9851e7b34d9b748ee, type: 2}
  m_sharedMaterial: {fileID: 2180264, guid: 8f586378b4e144a9851e7b34d9b748ee, type: 2}
  m_fontSharedMaterials: []
  m_fontMaterial: {fileID: 0}
  m_fontMaterials: []
  m_fontColor32:
    serializedVersion: 2
    rgba: 4278190080
  m_fontColor: {r: 0, g: 0, b: 0, a: 1}
  m_enableVertexGradient: 0
  m_colorMode: 3
  m_fontColorGradient:
    topLeft: {r: 1, g: 1, b: 1, a: 1}
    topRight: {r: 1, g: 1, b: 1, a: 1}
    bottomLeft: {r: 1, g: 1, b: 1, a: 1}
    bottomRight: {r: 1, g: 1, b: 1, a: 1}
  m_fontColorGradientPreset: {fileID: 0}
  m_spriteAsset: {fileID: 0}
  m_tintAllSprites: 0
  m_StyleSheet: {fileID: 0}
  m_TextStyleHashCode: -1183493901
  m_overrideHtmlColors: 0
  m_faceColor:
    serializedVersion: 2
    rgba: 4294967295
  m_fontSize: 29.25
  m_fontSizeBase: 36
  m_fontWeight: 400
  m_enableAutoSizing: 1
  m_fontSizeMin: 18
  m_fontSizeMax: 72
  m_fontStyle: 0
  m_HorizontalAlignment: 2
  m_VerticalAlignment: 512
  m_textAlignment: 65535
  m_characterSpacing: 0
  m_wordSpacing: 0
  m_lineSpacing: 0
  m_lineSpacingMax: 0
  m_paragraphSpacing: 0
  m_charWidthMaxAdj: 0
  m_enableWordWrapping: 1
  m_wordWrappingRatios: 0.4
  m_overflowMode: 0
  m_linkedTextComponent: {fileID: 0}
  parentLinkedComponent: {fileID: 0}
  m_enableKerning: 1
  m_enableExtraPadding: 0
  checkPaddingRequired: 0
  m_isRichText: 1
  m_parseCtrlCharacters: 1
  m_isOrthographic: 1
  m_isCullingEnabled: 0
  m_horizontalMapping: 0
  m_verticalMapping: 0
  m_uvLineOffset: 0
  m_geometrySortingOrder: 0
  m_IsTextObjectScaleStatic: 0
  m_VertexBufferAutoSizeReduction: 1
  m_useMaxVisibleDescender: 1
  m_pageToDisplay: 1
  m_margin: {x: 0, y: 0, z: 0, w: 0}
  m_isUsingLegacyAnimationComponent: 0
  m_isVolumetricText: 0
  m_hasFontAssetChanged: 0
  m_baseMaterial: {fileID: 0}
  m_maskOffset: {x: 0, y: 0, z: 0, w: 0}
--- !u!1 &8526809873899432014
GameObject:
  m_ObjectHideFlags: 0
  m_CorrespondingSourceObject: {fileID: 0}
  m_PrefabInstance: {fileID: 0}
  m_PrefabAsset: {fileID: 0}
  serializedVersion: 6
  m_Component:
  - component: {fileID: 8526809873899432015}
  - component: {fileID: 8526809873899432001}
  - component: {fileID: 8526809873899432000}
  m_Layer: 5
  m_Name: 'MultCh_Container '
  m_TagString: Untagged
  m_Icon: {fileID: 0}
  m_NavMeshLayer: 0
  m_StaticEditorFlags: 0
  m_IsActive: 1
--- !u!224 &8526809873899432015
RectTransform:
  m_ObjectHideFlags: 0
  m_CorrespondingSourceObject: {fileID: 0}
  m_PrefabInstance: {fileID: 0}
  m_PrefabAsset: {fileID: 0}
  m_GameObject: {fileID: 8526809873899432014}
  m_LocalRotation: {x: -0, y: -0, z: -0, w: 1}
  m_LocalPosition: {x: 0, y: 0, z: 0}
  m_LocalScale: {x: 1, y: 1, z: 1}
  m_Children:
  - {fileID: 76087738893341897}
  - {fileID: 7285889828031651032}
  - {fileID: 2770577458487243129}
  - {fileID: 3121121155285021284}
  - {fileID: 3793495619706204541}
  m_Father: {fileID: 8526809873963833458}
  m_RootOrder: 1
  m_LocalEulerAnglesHint: {x: 0, y: 0, z: 0}
  m_AnchorMin: {x: 0.5, y: 0.5}
  m_AnchorMax: {x: 0.5, y: 0.5}
  m_AnchoredPosition: {x: 0, y: -86}
  m_SizeDelta: {x: 600, y: 525}
  m_Pivot: {x: 0.5, y: 0.5}
--- !u!225 &8526809873899432001
CanvasGroup:
  m_ObjectHideFlags: 0
  m_CorrespondingSourceObject: {fileID: 0}
  m_PrefabInstance: {fileID: 0}
  m_PrefabAsset: {fileID: 0}
  m_GameObject: {fileID: 8526809873899432014}
  m_Enabled: 1
  m_Alpha: 1
  m_Interactable: 1
  m_BlocksRaycasts: 1
  m_IgnoreParentGroups: 0
--- !u!114 &8526809873899432000
MonoBehaviour:
  m_ObjectHideFlags: 0
  m_CorrespondingSourceObject: {fileID: 0}
  m_PrefabInstance: {fileID: 0}
  m_PrefabAsset: {fileID: 0}
  m_GameObject: {fileID: 8526809873899432014}
  m_Enabled: 1
  m_EditorHideFlags: 0
  m_Script: {fileID: 11500000, guid: 59f8146938fff824cb5fd77236b75775, type: 3}
  m_Name: 
  m_EditorClassIdentifier: 
  m_Padding:
    m_Left: 30
    m_Right: 30
    m_Top: 0
    m_Bottom: 0
  m_ChildAlignment: 1
  m_Spacing: 5
  m_ChildForceExpandWidth: 1
  m_ChildForceExpandHeight: 1
  m_ChildControlWidth: 1
  m_ChildControlHeight: 1
  m_ChildScaleWidth: 0
  m_ChildScaleHeight: 0
  m_ReverseArrangement: 0
--- !u!1 &8526809873963833470
GameObject:
  m_ObjectHideFlags: 0
  m_CorrespondingSourceObject: {fileID: 0}
  m_PrefabInstance: {fileID: 0}
  m_PrefabAsset: {fileID: 0}
  serializedVersion: 6
  m_Component:
  - component: {fileID: 8526809873963833458}
  - component: {fileID: 8526809873963833457}
  - component: {fileID: 8526809873963833456}
  - component: {fileID: 8526809873963833471}
  - component: {fileID: 8526809873963833460}
  - component: {fileID: 8526809873963833459}
  - component: {fileID: 2371278355023094240}
  - component: {fileID: 6634033230713713969}
  m_Layer: 5
  m_Name: Canvas_Checklist
  m_TagString: Untagged
  m_Icon: {fileID: 0}
  m_NavMeshLayer: 0
  m_StaticEditorFlags: 0
  m_IsActive: 1
--- !u!224 &8526809873963833458
RectTransform:
  m_ObjectHideFlags: 0
  m_CorrespondingSourceObject: {fileID: 0}
  m_PrefabInstance: {fileID: 0}
  m_PrefabAsset: {fileID: 0}
  m_GameObject: {fileID: 8526809873963833470}
  m_LocalRotation: {x: 0, y: 0, z: 0, w: 1}
  m_LocalPosition: {x: 0, y: 0, z: 0}
  m_LocalScale: {x: 0.001, y: 0.001, z: 0.001}
  m_Children:
  - {fileID: 8069474219255727048}
  - {fileID: 8526809873899432015}
  m_Father: {fileID: 0}
  m_RootOrder: 0
  m_LocalEulerAnglesHint: {x: 0, y: 0, z: 0}
  m_AnchorMin: {x: 0, y: 0}
  m_AnchorMax: {x: 0, y: 0}
  m_AnchoredPosition: {x: 0, y: 0}
  m_SizeDelta: {x: 700, y: 900}
  m_Pivot: {x: 0.5, y: 0.5}
--- !u!223 &8526809873963833457
Canvas:
  m_ObjectHideFlags: 0
  m_CorrespondingSourceObject: {fileID: 0}
  m_PrefabInstance: {fileID: 0}
  m_PrefabAsset: {fileID: 0}
  m_GameObject: {fileID: 8526809873963833470}
  m_Enabled: 1
  serializedVersion: 3
  m_RenderMode: 2
  m_Camera: {fileID: 0}
  m_PlaneDistance: 100
  m_PixelPerfect: 0
  m_ReceivesEvents: 1
  m_OverrideSorting: 0
  m_OverridePixelPerfect: 0
  m_SortingBucketNormalizedSize: 0
  m_AdditionalShaderChannelsFlag: 25
  m_SortingLayerID: 0
  m_SortingOrder: 0
  m_TargetDisplay: 0
--- !u!114 &8526809873963833456
MonoBehaviour:
  m_ObjectHideFlags: 0
  m_CorrespondingSourceObject: {fileID: 0}
  m_PrefabInstance: {fileID: 0}
  m_PrefabAsset: {fileID: 0}
  m_GameObject: {fileID: 8526809873963833470}
  m_Enabled: 1
  m_EditorHideFlags: 0
  m_Script: {fileID: 11500000, guid: 0cd44c1031e13a943bb63640046fad76, type: 3}
  m_Name: 
  m_EditorClassIdentifier: 
  m_UiScaleMode: 0
  m_ReferencePixelsPerUnit: 100
  m_ScaleFactor: 1
  m_ReferenceResolution: {x: 800, y: 600}
  m_ScreenMatchMode: 0
  m_MatchWidthOrHeight: 0
  m_PhysicalUnit: 3
  m_FallbackScreenDPI: 96
  m_DefaultSpriteDPI: 96
  m_DynamicPixelsPerUnit: 1
  m_PresetInfoIsWorld: 0
--- !u!114 &8526809873963833471
MonoBehaviour:
  m_ObjectHideFlags: 0
  m_CorrespondingSourceObject: {fileID: 0}
  m_PrefabInstance: {fileID: 0}
  m_PrefabAsset: {fileID: 0}
  m_GameObject: {fileID: 8526809873963833470}
  m_Enabled: 1
  m_EditorHideFlags: 0
  m_Script: {fileID: 11500000, guid: dc42784cf147c0c48a680349fa168899, type: 3}
  m_Name: 
  m_EditorClassIdentifier: 
  m_IgnoreReversedGraphics: 1
  m_BlockingObjects: 0
  m_BlockingMask:
    serializedVersion: 2
    m_Bits: 4294967295
--- !u!225 &8526809873963833460
CanvasGroup:
  m_ObjectHideFlags: 0
  m_CorrespondingSourceObject: {fileID: 0}
  m_PrefabInstance: {fileID: 0}
  m_PrefabAsset: {fileID: 0}
  m_GameObject: {fileID: 8526809873963833470}
  m_Enabled: 1
  m_Alpha: 1
  m_Interactable: 1
  m_BlocksRaycasts: 1
  m_IgnoreParentGroups: 0
--- !u!82 &8526809873963833459
AudioSource:
  m_ObjectHideFlags: 0
  m_CorrespondingSourceObject: {fileID: 0}
  m_PrefabInstance: {fileID: 0}
  m_PrefabAsset: {fileID: 0}
  m_GameObject: {fileID: 8526809873963833470}
  m_Enabled: 1
  serializedVersion: 4
  OutputAudioMixerGroup: {fileID: 0}
  m_audioClip: {fileID: 0}
  m_PlayOnAwake: 1
  m_Volume: 1
  m_Pitch: 1
  Loop: 0
  Mute: 0
  Spatialize: 0
  SpatializePostEffects: 0
  Priority: 128
  DopplerLevel: 1
  MinDistance: 1
  MaxDistance: 500
  Pan2D: 0
  rolloffMode: 0
  BypassEffects: 0
  BypassListenerEffects: 0
  BypassReverbZones: 0
  rolloffCustomCurve:
    serializedVersion: 2
    m_Curve:
    - serializedVersion: 3
      time: 0
      value: 1
      inSlope: 0
      outSlope: 0
      tangentMode: 0
      weightedMode: 0
      inWeight: 0.33333334
      outWeight: 0.33333334
    - serializedVersion: 3
      time: 1
      value: 0
      inSlope: 0
      outSlope: 0
      tangentMode: 0
      weightedMode: 0
      inWeight: 0.33333334
      outWeight: 0.33333334
    m_PreInfinity: 2
    m_PostInfinity: 2
    m_RotationOrder: 4
  panLevelCustomCurve:
    serializedVersion: 2
    m_Curve:
    - serializedVersion: 3
      time: 0
      value: 0
      inSlope: 0
      outSlope: 0
      tangentMode: 0
      weightedMode: 0
      inWeight: 0.33333334
      outWeight: 0.33333334
    m_PreInfinity: 2
    m_PostInfinity: 2
    m_RotationOrder: 4
  spreadCustomCurve:
    serializedVersion: 2
    m_Curve:
    - serializedVersion: 3
      time: 0
      value: 0
      inSlope: 0
      outSlope: 0
      tangentMode: 0
      weightedMode: 0
      inWeight: 0.33333334
      outWeight: 0.33333334
    m_PreInfinity: 2
    m_PostInfinity: 2
    m_RotationOrder: 4
  reverbZoneMixCustomCurve:
    serializedVersion: 2
    m_Curve:
    - serializedVersion: 3
      time: 0
      value: 1
      inSlope: 0
      outSlope: 0
      tangentMode: 0
      weightedMode: 0
      inWeight: 0.33333334
      outWeight: 0.33333334
    m_PreInfinity: 2
    m_PostInfinity: 2
    m_RotationOrder: 4
--- !u!114 &2371278355023094240
MonoBehaviour:
  m_ObjectHideFlags: 0
  m_CorrespondingSourceObject: {fileID: 0}
  m_PrefabInstance: {fileID: 0}
  m_PrefabAsset: {fileID: 0}
  m_GameObject: {fileID: 8526809873963833470}
  m_Enabled: 1
  m_EditorHideFlags: 0
  m_Script: {fileID: 1867090456, guid: e1ceaddee886a0844b68c273b4e72ae9, type: 3}
  m_Name: 
  m_EditorClassIdentifier: 
  _promptTextArea: {fileID: 8526809873587435783}
  _optionPrefab: {fileID: 245039592418234004, guid: 6c3772989558f3e4ab1ebb092b83e05a, type: 3}
  _optionParent: {fileID: 8526809873899432015}
  _optionCanvasGroup: {fileID: 8526809873899432001}
  sprite_normal: {fileID: 21300000, guid: c80679fd41454fb4dbcc52ca6d6cc57d, type: 3}
  _normalTextColor: {r: 1, g: 1, b: 1, a: 1}
  sprite_incorrect: {fileID: 21300000, guid: c0317ac590ccefb42bf79e9fb3e43ee5, type: 3}
  _selectedTextColor_incorrect: {r: 1, g: 1, b: 1, a: 1}
  sprite_correct: {fileID: 21300000, guid: abb0e7dd408c9db40be05085d7c96782, type: 3}
  _selectedTextColor_correct: {r: 1, g: 1, b: 1, a: 1}
  sprite_greyedOut: {fileID: 21300000, guid: 0db145bbf18a0594092abb7a8936259b, type: 3}
  _greyedOutTextColor: {r: 0.3018868, g: 0.3018868, b: 0.3018868, a: 1}
  _audioSource: {fileID: 8526809873963833459}
  clip_appear: {fileID: 8300000, guid: 477529fdd27c172409ccabc1eac5a4b1, type: 3}
  clip_correct: {fileID: 8300000, guid: 8bd4838d4d3ab7f468c6c00778d3b058, type: 3}
  clip_wrong: {fileID: 8300000, guid: b9bd4a1757499cc4299019e0bcbea0a1, type: 3}
--- !u!114 &6634033230713713969
MonoBehaviour:
  m_ObjectHideFlags: 0
  m_CorrespondingSourceObject: {fileID: 0}
  m_PrefabInstance: {fileID: 0}
  m_PrefabAsset: {fileID: 0}
  m_GameObject: {fileID: 8526809873963833470}
  m_Enabled: 1
  m_EditorHideFlags: 0
  m_Script: {fileID: 11500000, guid: 7951c64acb0fa62458bf30a60089fe2d, type: 3}
  m_Name: 
  m_EditorClassIdentifier: 
  m_IgnoreReversedGraphics: 0
  m_CheckFor2DOcclusion: 0
  m_CheckFor3DOcclusion: 0
  m_BlockingMask:
    serializedVersion: 2
    m_Bits: 4294967295
  m_RaycastTriggerInteraction: 1
--- !u!1001 &173634134260767326
PrefabInstance:
  m_ObjectHideFlags: 0
  serializedVersion: 2
  m_Modification:
    m_TransformParent: {fileID: 8526809873899432015}
    m_Modifications:
    - target: {fileID: 245039592418234004, guid: 6c3772989558f3e4ab1ebb092b83e05a, type: 3}
      propertyPath: m_Name
      value: QTA_Option_Prefab
      objectReference: {fileID: 0}
    - target: {fileID: 245039592418234007, guid: 6c3772989558f3e4ab1ebb092b83e05a, type: 3}
      propertyPath: m_Pivot.x
      value: 0.5
      objectReference: {fileID: 0}
    - target: {fileID: 245039592418234007, guid: 6c3772989558f3e4ab1ebb092b83e05a, type: 3}
      propertyPath: m_Pivot.y
      value: 0.5
      objectReference: {fileID: 0}
    - target: {fileID: 245039592418234007, guid: 6c3772989558f3e4ab1ebb092b83e05a, type: 3}
      propertyPath: m_RootOrder
      value: 0
      objectReference: {fileID: 0}
    - target: {fileID: 245039592418234007, guid: 6c3772989558f3e4ab1ebb092b83e05a, type: 3}
      propertyPath: m_AnchorMax.x
      value: 0
      objectReference: {fileID: 0}
    - target: {fileID: 245039592418234007, guid: 6c3772989558f3e4ab1ebb092b83e05a, type: 3}
      propertyPath: m_AnchorMax.y
      value: 0
      objectReference: {fileID: 0}
    - target: {fileID: 245039592418234007, guid: 6c3772989558f3e4ab1ebb092b83e05a, type: 3}
      propertyPath: m_AnchorMin.x
      value: 0
      objectReference: {fileID: 0}
    - target: {fileID: 245039592418234007, guid: 6c3772989558f3e4ab1ebb092b83e05a, type: 3}
      propertyPath: m_AnchorMin.y
      value: 0
      objectReference: {fileID: 0}
    - target: {fileID: 245039592418234007, guid: 6c3772989558f3e4ab1ebb092b83e05a, type: 3}
      propertyPath: m_SizeDelta.x
      value: 0
      objectReference: {fileID: 0}
    - target: {fileID: 245039592418234007, guid: 6c3772989558f3e4ab1ebb092b83e05a, type: 3}
      propertyPath: m_SizeDelta.y
      value: 0
      objectReference: {fileID: 0}
    - target: {fileID: 245039592418234007, guid: 6c3772989558f3e4ab1ebb092b83e05a, type: 3}
      propertyPath: m_LocalPosition.x
      value: 0
      objectReference: {fileID: 0}
    - target: {fileID: 245039592418234007, guid: 6c3772989558f3e4ab1ebb092b83e05a, type: 3}
      propertyPath: m_LocalPosition.y
      value: 0
      objectReference: {fileID: 0}
    - target: {fileID: 245039592418234007, guid: 6c3772989558f3e4ab1ebb092b83e05a, type: 3}
      propertyPath: m_LocalPosition.z
      value: 0
      objectReference: {fileID: 0}
    - target: {fileID: 245039592418234007, guid: 6c3772989558f3e4ab1ebb092b83e05a, type: 3}
      propertyPath: m_LocalRotation.w
      value: 1
      objectReference: {fileID: 0}
    - target: {fileID: 245039592418234007, guid: 6c3772989558f3e4ab1ebb092b83e05a, type: 3}
      propertyPath: m_LocalRotation.x
      value: 0
      objectReference: {fileID: 0}
    - target: {fileID: 245039592418234007, guid: 6c3772989558f3e4ab1ebb092b83e05a, type: 3}
      propertyPath: m_LocalRotation.y
      value: 0
      objectReference: {fileID: 0}
    - target: {fileID: 245039592418234007, guid: 6c3772989558f3e4ab1ebb092b83e05a, type: 3}
      propertyPath: m_LocalRotation.z
      value: 0
      objectReference: {fileID: 0}
    - target: {fileID: 245039592418234007, guid: 6c3772989558f3e4ab1ebb092b83e05a, type: 3}
      propertyPath: m_AnchoredPosition.x
      value: 0
      objectReference: {fileID: 0}
    - target: {fileID: 245039592418234007, guid: 6c3772989558f3e4ab1ebb092b83e05a, type: 3}
      propertyPath: m_AnchoredPosition.y
      value: 0
      objectReference: {fileID: 0}
    - target: {fileID: 245039592418234007, guid: 6c3772989558f3e4ab1ebb092b83e05a, type: 3}
      propertyPath: m_LocalEulerAnglesHint.x
      value: 0
      objectReference: {fileID: 0}
    - target: {fileID: 245039592418234007, guid: 6c3772989558f3e4ab1ebb092b83e05a, type: 3}
      propertyPath: m_LocalEulerAnglesHint.y
      value: 0
      objectReference: {fileID: 0}
    - target: {fileID: 245039592418234007, guid: 6c3772989558f3e4ab1ebb092b83e05a, type: 3}
      propertyPath: m_LocalEulerAnglesHint.z
      value: 0
      objectReference: {fileID: 0}
    m_RemovedComponents: []
  m_SourcePrefab: {fileID: 100100000, guid: 6c3772989558f3e4ab1ebb092b83e05a, type: 3}
--- !u!224 &76087738893341897 stripped
RectTransform:
  m_CorrespondingSourceObject: {fileID: 245039592418234007, guid: 6c3772989558f3e4ab1ebb092b83e05a, type: 3}
  m_PrefabInstance: {fileID: 173634134260767326}
  m_PrefabAsset: {fileID: 0}
--- !u!1001 &2672217544897134574
PrefabInstance:
  m_ObjectHideFlags: 0
  serializedVersion: 2
  m_Modification:
    m_TransformParent: {fileID: 8526809873899432015}
    m_Modifications:
    - target: {fileID: 245039592418234004, guid: 6c3772989558f3e4ab1ebb092b83e05a, type: 3}
      propertyPath: m_Name
      value: QTA_Option_Prefab (2)
      objectReference: {fileID: 0}
    - target: {fileID: 245039592418234007, guid: 6c3772989558f3e4ab1ebb092b83e05a, type: 3}
      propertyPath: m_Pivot.x
      value: 0.5
      objectReference: {fileID: 0}
    - target: {fileID: 245039592418234007, guid: 6c3772989558f3e4ab1ebb092b83e05a, type: 3}
      propertyPath: m_Pivot.y
      value: 0.5
      objectReference: {fileID: 0}
    - target: {fileID: 245039592418234007, guid: 6c3772989558f3e4ab1ebb092b83e05a, type: 3}
      propertyPath: m_RootOrder
      value: 2
      objectReference: {fileID: 0}
    - target: {fileID: 245039592418234007, guid: 6c3772989558f3e4ab1ebb092b83e05a, type: 3}
      propertyPath: m_AnchorMax.x
      value: 0
      objectReference: {fileID: 0}
    - target: {fileID: 245039592418234007, guid: 6c3772989558f3e4ab1ebb092b83e05a, type: 3}
      propertyPath: m_AnchorMax.y
      value: 0
      objectReference: {fileID: 0}
    - target: {fileID: 245039592418234007, guid: 6c3772989558f3e4ab1ebb092b83e05a, type: 3}
      propertyPath: m_AnchorMin.x
      value: 0
      objectReference: {fileID: 0}
    - target: {fileID: 245039592418234007, guid: 6c3772989558f3e4ab1ebb092b83e05a, type: 3}
      propertyPath: m_AnchorMin.y
      value: 0
      objectReference: {fileID: 0}
    - target: {fileID: 245039592418234007, guid: 6c3772989558f3e4ab1ebb092b83e05a, type: 3}
      propertyPath: m_SizeDelta.x
      value: 0
      objectReference: {fileID: 0}
    - target: {fileID: 245039592418234007, guid: 6c3772989558f3e4ab1ebb092b83e05a, type: 3}
      propertyPath: m_SizeDelta.y
      value: 0
      objectReference: {fileID: 0}
    - target: {fileID: 245039592418234007, guid: 6c3772989558f3e4ab1ebb092b83e05a, type: 3}
      propertyPath: m_LocalPosition.x
      value: 0
      objectReference: {fileID: 0}
    - target: {fileID: 245039592418234007, guid: 6c3772989558f3e4ab1ebb092b83e05a, type: 3}
      propertyPath: m_LocalPosition.y
      value: 0
      objectReference: {fileID: 0}
    - target: {fileID: 245039592418234007, guid: 6c3772989558f3e4ab1ebb092b83e05a, type: 3}
      propertyPath: m_LocalPosition.z
      value: 0
      objectReference: {fileID: 0}
    - target: {fileID: 245039592418234007, guid: 6c3772989558f3e4ab1ebb092b83e05a, type: 3}
      propertyPath: m_LocalRotation.w
      value: 1
      objectReference: {fileID: 0}
    - target: {fileID: 245039592418234007, guid: 6c3772989558f3e4ab1ebb092b83e05a, type: 3}
      propertyPath: m_LocalRotation.x
      value: 0
      objectReference: {fileID: 0}
    - target: {fileID: 245039592418234007, guid: 6c3772989558f3e4ab1ebb092b83e05a, type: 3}
      propertyPath: m_LocalRotation.y
      value: 0
      objectReference: {fileID: 0}
    - target: {fileID: 245039592418234007, guid: 6c3772989558f3e4ab1ebb092b83e05a, type: 3}
      propertyPath: m_LocalRotation.z
      value: 0
      objectReference: {fileID: 0}
    - target: {fileID: 245039592418234007, guid: 6c3772989558f3e4ab1ebb092b83e05a, type: 3}
      propertyPath: m_AnchoredPosition.x
      value: 0
      objectReference: {fileID: 0}
    - target: {fileID: 245039592418234007, guid: 6c3772989558f3e4ab1ebb092b83e05a, type: 3}
      propertyPath: m_AnchoredPosition.y
      value: 0
      objectReference: {fileID: 0}
    - target: {fileID: 245039592418234007, guid: 6c3772989558f3e4ab1ebb092b83e05a, type: 3}
      propertyPath: m_LocalEulerAnglesHint.x
      value: 0
      objectReference: {fileID: 0}
    - target: {fileID: 245039592418234007, guid: 6c3772989558f3e4ab1ebb092b83e05a, type: 3}
      propertyPath: m_LocalEulerAnglesHint.y
      value: 0
      objectReference: {fileID: 0}
    - target: {fileID: 245039592418234007, guid: 6c3772989558f3e4ab1ebb092b83e05a, type: 3}
      propertyPath: m_LocalEulerAnglesHint.z
      value: 0
      objectReference: {fileID: 0}
    m_RemovedComponents: []
  m_SourcePrefab: {fileID: 100100000, guid: 6c3772989558f3e4ab1ebb092b83e05a, type: 3}
--- !u!224 &2770577458487243129 stripped
RectTransform:
  m_CorrespondingSourceObject: {fileID: 245039592418234007, guid: 6c3772989558f3e4ab1ebb092b83e05a, type: 3}
  m_PrefabInstance: {fileID: 2672217544897134574}
  m_PrefabAsset: {fileID: 0}
--- !u!1001 &2897781661934992627
PrefabInstance:
  m_ObjectHideFlags: 0
  serializedVersion: 2
  m_Modification:
    m_TransformParent: {fileID: 8526809873899432015}
    m_Modifications:
    - target: {fileID: 245039592418234004, guid: 6c3772989558f3e4ab1ebb092b83e05a, type: 3}
      propertyPath: m_Name
      value: QTA_Option_Prefab (3)
      objectReference: {fileID: 0}
    - target: {fileID: 245039592418234007, guid: 6c3772989558f3e4ab1ebb092b83e05a, type: 3}
      propertyPath: m_Pivot.x
      value: 0.5
      objectReference: {fileID: 0}
    - target: {fileID: 245039592418234007, guid: 6c3772989558f3e4ab1ebb092b83e05a, type: 3}
      propertyPath: m_Pivot.y
      value: 0.5
      objectReference: {fileID: 0}
    - target: {fileID: 245039592418234007, guid: 6c3772989558f3e4ab1ebb092b83e05a, type: 3}
      propertyPath: m_RootOrder
      value: 3
      objectReference: {fileID: 0}
    - target: {fileID: 245039592418234007, guid: 6c3772989558f3e4ab1ebb092b83e05a, type: 3}
      propertyPath: m_AnchorMax.x
      value: 0
      objectReference: {fileID: 0}
    - target: {fileID: 245039592418234007, guid: 6c3772989558f3e4ab1ebb092b83e05a, type: 3}
      propertyPath: m_AnchorMax.y
      value: 0
      objectReference: {fileID: 0}
    - target: {fileID: 245039592418234007, guid: 6c3772989558f3e4ab1ebb092b83e05a, type: 3}
      propertyPath: m_AnchorMin.x
      value: 0
      objectReference: {fileID: 0}
    - target: {fileID: 245039592418234007, guid: 6c3772989558f3e4ab1ebb092b83e05a, type: 3}
      propertyPath: m_AnchorMin.y
      value: 0
      objectReference: {fileID: 0}
    - target: {fileID: 245039592418234007, guid: 6c3772989558f3e4ab1ebb092b83e05a, type: 3}
      propertyPath: m_SizeDelta.x
      value: 0
      objectReference: {fileID: 0}
    - target: {fileID: 245039592418234007, guid: 6c3772989558f3e4ab1ebb092b83e05a, type: 3}
      propertyPath: m_SizeDelta.y
      value: 0
      objectReference: {fileID: 0}
    - target: {fileID: 245039592418234007, guid: 6c3772989558f3e4ab1ebb092b83e05a, type: 3}
      propertyPath: m_LocalPosition.x
      value: 0
      objectReference: {fileID: 0}
    - target: {fileID: 245039592418234007, guid: 6c3772989558f3e4ab1ebb092b83e05a, type: 3}
      propertyPath: m_LocalPosition.y
      value: 0
      objectReference: {fileID: 0}
    - target: {fileID: 245039592418234007, guid: 6c3772989558f3e4ab1ebb092b83e05a, type: 3}
      propertyPath: m_LocalPosition.z
      value: 0
      objectReference: {fileID: 0}
    - target: {fileID: 245039592418234007, guid: 6c3772989558f3e4ab1ebb092b83e05a, type: 3}
      propertyPath: m_LocalRotation.w
      value: 1
      objectReference: {fileID: 0}
    - target: {fileID: 245039592418234007, guid: 6c3772989558f3e4ab1ebb092b83e05a, type: 3}
      propertyPath: m_LocalRotation.x
      value: 0
      objectReference: {fileID: 0}
    - target: {fileID: 245039592418234007, guid: 6c3772989558f3e4ab1ebb092b83e05a, type: 3}
      propertyPath: m_LocalRotation.y
      value: 0
      objectReference: {fileID: 0}
    - target: {fileID: 245039592418234007, guid: 6c3772989558f3e4ab1ebb092b83e05a, type: 3}
      propertyPath: m_LocalRotation.z
      value: 0
      objectReference: {fileID: 0}
    - target: {fileID: 245039592418234007, guid: 6c3772989558f3e4ab1ebb092b83e05a, type: 3}
      propertyPath: m_AnchoredPosition.x
      value: 0
      objectReference: {fileID: 0}
    - target: {fileID: 245039592418234007, guid: 6c3772989558f3e4ab1ebb092b83e05a, type: 3}
      propertyPath: m_AnchoredPosition.y
      value: 0
      objectReference: {fileID: 0}
    - target: {fileID: 245039592418234007, guid: 6c3772989558f3e4ab1ebb092b83e05a, type: 3}
      propertyPath: m_LocalEulerAnglesHint.x
      value: 0
      objectReference: {fileID: 0}
    - target: {fileID: 245039592418234007, guid: 6c3772989558f3e4ab1ebb092b83e05a, type: 3}
      propertyPath: m_LocalEulerAnglesHint.y
      value: 0
      objectReference: {fileID: 0}
    - target: {fileID: 245039592418234007, guid: 6c3772989558f3e4ab1ebb092b83e05a, type: 3}
      propertyPath: m_LocalEulerAnglesHint.z
      value: 0
      objectReference: {fileID: 0}
    m_RemovedComponents: []
  m_SourcePrefab: {fileID: 100100000, guid: 6c3772989558f3e4ab1ebb092b83e05a, type: 3}
--- !u!224 &3121121155285021284 stripped
RectTransform:
  m_CorrespondingSourceObject: {fileID: 245039592418234007, guid: 6c3772989558f3e4ab1ebb092b83e05a, type: 3}
  m_PrefabInstance: {fileID: 2897781661934992627}
  m_PrefabAsset: {fileID: 0}
--- !u!1001 &4018259925462974442
PrefabInstance:
  m_ObjectHideFlags: 0
  serializedVersion: 2
  m_Modification:
    m_TransformParent: {fileID: 8526809873899432015}
    m_Modifications:
    - target: {fileID: 245039592418234004, guid: 6c3772989558f3e4ab1ebb092b83e05a, type: 3}
      propertyPath: m_Name
      value: QTA_Option_Prefab (4)
      objectReference: {fileID: 0}
    - target: {fileID: 245039592418234007, guid: 6c3772989558f3e4ab1ebb092b83e05a, type: 3}
      propertyPath: m_Pivot.x
      value: 0.5
      objectReference: {fileID: 0}
    - target: {fileID: 245039592418234007, guid: 6c3772989558f3e4ab1ebb092b83e05a, type: 3}
      propertyPath: m_Pivot.y
      value: 0.5
      objectReference: {fileID: 0}
    - target: {fileID: 245039592418234007, guid: 6c3772989558f3e4ab1ebb092b83e05a, type: 3}
      propertyPath: m_RootOrder
      value: 4
      objectReference: {fileID: 0}
    - target: {fileID: 245039592418234007, guid: 6c3772989558f3e4ab1ebb092b83e05a, type: 3}
      propertyPath: m_AnchorMax.x
      value: 0
      objectReference: {fileID: 0}
    - target: {fileID: 245039592418234007, guid: 6c3772989558f3e4ab1ebb092b83e05a, type: 3}
      propertyPath: m_AnchorMax.y
      value: 0
      objectReference: {fileID: 0}
    - target: {fileID: 245039592418234007, guid: 6c3772989558f3e4ab1ebb092b83e05a, type: 3}
      propertyPath: m_AnchorMin.x
      value: 0
      objectReference: {fileID: 0}
    - target: {fileID: 245039592418234007, guid: 6c3772989558f3e4ab1ebb092b83e05a, type: 3}
      propertyPath: m_AnchorMin.y
      value: 0
      objectReference: {fileID: 0}
    - target: {fileID: 245039592418234007, guid: 6c3772989558f3e4ab1ebb092b83e05a, type: 3}
      propertyPath: m_SizeDelta.x
      value: 0
      objectReference: {fileID: 0}
    - target: {fileID: 245039592418234007, guid: 6c3772989558f3e4ab1ebb092b83e05a, type: 3}
      propertyPath: m_SizeDelta.y
      value: 0
      objectReference: {fileID: 0}
    - target: {fileID: 245039592418234007, guid: 6c3772989558f3e4ab1ebb092b83e05a, type: 3}
      propertyPath: m_LocalPosition.x
      value: 0
      objectReference: {fileID: 0}
    - target: {fileID: 245039592418234007, guid: 6c3772989558f3e4ab1ebb092b83e05a, type: 3}
      propertyPath: m_LocalPosition.y
      value: 0
      objectReference: {fileID: 0}
    - target: {fileID: 245039592418234007, guid: 6c3772989558f3e4ab1ebb092b83e05a, type: 3}
      propertyPath: m_LocalPosition.z
      value: 0
      objectReference: {fileID: 0}
    - target: {fileID: 245039592418234007, guid: 6c3772989558f3e4ab1ebb092b83e05a, type: 3}
      propertyPath: m_LocalRotation.w
      value: 1
      objectReference: {fileID: 0}
    - target: {fileID: 245039592418234007, guid: 6c3772989558f3e4ab1ebb092b83e05a, type: 3}
      propertyPath: m_LocalRotation.x
      value: 0
      objectReference: {fileID: 0}
    - target: {fileID: 245039592418234007, guid: 6c3772989558f3e4ab1ebb092b83e05a, type: 3}
      propertyPath: m_LocalRotation.y
      value: 0
      objectReference: {fileID: 0}
    - target: {fileID: 245039592418234007, guid: 6c3772989558f3e4ab1ebb092b83e05a, type: 3}
      propertyPath: m_LocalRotation.z
      value: 0
      objectReference: {fileID: 0}
    - target: {fileID: 245039592418234007, guid: 6c3772989558f3e4ab1ebb092b83e05a, type: 3}
      propertyPath: m_AnchoredPosition.x
      value: 0
      objectReference: {fileID: 0}
    - target: {fileID: 245039592418234007, guid: 6c3772989558f3e4ab1ebb092b83e05a, type: 3}
      propertyPath: m_AnchoredPosition.y
      value: 0
      objectReference: {fileID: 0}
    - target: {fileID: 245039592418234007, guid: 6c3772989558f3e4ab1ebb092b83e05a, type: 3}
      propertyPath: m_LocalEulerAnglesHint.x
      value: 0
      objectReference: {fileID: 0}
    - target: {fileID: 245039592418234007, guid: 6c3772989558f3e4ab1ebb092b83e05a, type: 3}
      propertyPath: m_LocalEulerAnglesHint.y
      value: 0
      objectReference: {fileID: 0}
    - target: {fileID: 245039592418234007, guid: 6c3772989558f3e4ab1ebb092b83e05a, type: 3}
      propertyPath: m_LocalEulerAnglesHint.z
      value: 0
      objectReference: {fileID: 0}
    m_RemovedComponents: []
  m_SourcePrefab: {fileID: 100100000, guid: 6c3772989558f3e4ab1ebb092b83e05a, type: 3}
--- !u!224 &3793495619706204541 stripped
RectTransform:
  m_CorrespondingSourceObject: {fileID: 245039592418234007, guid: 6c3772989558f3e4ab1ebb092b83e05a, type: 3}
  m_PrefabInstance: {fileID: 4018259925462974442}
  m_PrefabAsset: {fileID: 0}
--- !u!1001 &7384249741746082383
PrefabInstance:
  m_ObjectHideFlags: 0
  serializedVersion: 2
  m_Modification:
    m_TransformParent: {fileID: 8526809873899432015}
    m_Modifications:
    - target: {fileID: 245039592418234004, guid: 6c3772989558f3e4ab1ebb092b83e05a, type: 3}
      propertyPath: m_Name
      value: QTA_Option_Prefab (1)
      objectReference: {fileID: 0}
    - target: {fileID: 245039592418234007, guid: 6c3772989558f3e4ab1ebb092b83e05a, type: 3}
      propertyPath: m_Pivot.x
      value: 0.5
      objectReference: {fileID: 0}
    - target: {fileID: 245039592418234007, guid: 6c3772989558f3e4ab1ebb092b83e05a, type: 3}
      propertyPath: m_Pivot.y
      value: 0.5
      objectReference: {fileID: 0}
    - target: {fileID: 245039592418234007, guid: 6c3772989558f3e4ab1ebb092b83e05a, type: 3}
      propertyPath: m_RootOrder
      value: 1
      objectReference: {fileID: 0}
    - target: {fileID: 245039592418234007, guid: 6c3772989558f3e4ab1ebb092b83e05a, type: 3}
      propertyPath: m_AnchorMax.x
      value: 0
      objectReference: {fileID: 0}
    - target: {fileID: 245039592418234007, guid: 6c3772989558f3e4ab1ebb092b83e05a, type: 3}
      propertyPath: m_AnchorMax.y
      value: 0
      objectReference: {fileID: 0}
    - target: {fileID: 245039592418234007, guid: 6c3772989558f3e4ab1ebb092b83e05a, type: 3}
      propertyPath: m_AnchorMin.x
      value: 0
      objectReference: {fileID: 0}
    - target: {fileID: 245039592418234007, guid: 6c3772989558f3e4ab1ebb092b83e05a, type: 3}
      propertyPath: m_AnchorMin.y
      value: 0
      objectReference: {fileID: 0}
    - target: {fileID: 245039592418234007, guid: 6c3772989558f3e4ab1ebb092b83e05a, type: 3}
      propertyPath: m_SizeDelta.x
      value: 0
      objectReference: {fileID: 0}
    - target: {fileID: 245039592418234007, guid: 6c3772989558f3e4ab1ebb092b83e05a, type: 3}
      propertyPath: m_SizeDelta.y
      value: 0
      objectReference: {fileID: 0}
    - target: {fileID: 245039592418234007, guid: 6c3772989558f3e4ab1ebb092b83e05a, type: 3}
      propertyPath: m_LocalPosition.x
      value: 0
      objectReference: {fileID: 0}
    - target: {fileID: 245039592418234007, guid: 6c3772989558f3e4ab1ebb092b83e05a, type: 3}
      propertyPath: m_LocalPosition.y
      value: 0
      objectReference: {fileID: 0}
    - target: {fileID: 245039592418234007, guid: 6c3772989558f3e4ab1ebb092b83e05a, type: 3}
      propertyPath: m_LocalPosition.z
      value: 0
      objectReference: {fileID: 0}
    - target: {fileID: 245039592418234007, guid: 6c3772989558f3e4ab1ebb092b83e05a, type: 3}
      propertyPath: m_LocalRotation.w
      value: 1
      objectReference: {fileID: 0}
    - target: {fileID: 245039592418234007, guid: 6c3772989558f3e4ab1ebb092b83e05a, type: 3}
      propertyPath: m_LocalRotation.x
      value: 0
      objectReference: {fileID: 0}
    - target: {fileID: 245039592418234007, guid: 6c3772989558f3e4ab1ebb092b83e05a, type: 3}
      propertyPath: m_LocalRotation.y
      value: 0
      objectReference: {fileID: 0}
    - target: {fileID: 245039592418234007, guid: 6c3772989558f3e4ab1ebb092b83e05a, type: 3}
      propertyPath: m_LocalRotation.z
      value: 0
      objectReference: {fileID: 0}
    - target: {fileID: 245039592418234007, guid: 6c3772989558f3e4ab1ebb092b83e05a, type: 3}
      propertyPath: m_AnchoredPosition.x
      value: 0
      objectReference: {fileID: 0}
    - target: {fileID: 245039592418234007, guid: 6c3772989558f3e4ab1ebb092b83e05a, type: 3}
      propertyPath: m_AnchoredPosition.y
      value: 0
      objectReference: {fileID: 0}
    - target: {fileID: 245039592418234007, guid: 6c3772989558f3e4ab1ebb092b83e05a, type: 3}
      propertyPath: m_LocalEulerAnglesHint.x
      value: 0
      objectReference: {fileID: 0}
    - target: {fileID: 245039592418234007, guid: 6c3772989558f3e4ab1ebb092b83e05a, type: 3}
      propertyPath: m_LocalEulerAnglesHint.y
      value: 0
      objectReference: {fileID: 0}
    - target: {fileID: 245039592418234007, guid: 6c3772989558f3e4ab1ebb092b83e05a, type: 3}
      propertyPath: m_LocalEulerAnglesHint.z
      value: 0
      objectReference: {fileID: 0}
    m_RemovedComponents: []
  m_SourcePrefab: {fileID: 100100000, guid: 6c3772989558f3e4ab1ebb092b83e05a, type: 3}
--- !u!224 &7285889828031651032 stripped
RectTransform:
  m_CorrespondingSourceObject: {fileID: 245039592418234007, guid: 6c3772989558f3e4ab1ebb092b83e05a, type: 3}
  m_PrefabInstance: {fileID: 7384249741746082383}
  m_PrefabAsset: {fileID: 0}
