%YAML 1.1
%TAG !u! tag:unity3d.com,2011:
--- !u!1 &3481989599372843228
GameObject:
  m_ObjectHideFlags: 0
  m_CorrespondingSourceObject: {fileID: 0}
  m_PrefabInstance: {fileID: 0}
  m_PrefabAsset: {fileID: 0}
  serializedVersion: 6
  m_Component:
  - component: {fileID: 3481989599372843227}
  m_Layer: 0
  m_Name: Single Window
  m_TagString: Untagged
  m_Icon: {fileID: 0}
  m_NavMeshLayer: 0
  m_StaticEditorFlags: 4294967295
  m_IsActive: 1
--- !u!4 &3481989599372843227
Transform:
  m_ObjectHideFlags: 0
  m_CorrespondingSourceObject: {fileID: 0}
  m_PrefabInstance: {fileID: 0}
  m_PrefabAsset: {fileID: 0}
  m_GameObject: {fileID: 3481989599372843228}
  m_LocalRotation: {x: 0, y: 0, z: 0, w: 1}
  m_LocalPosition: {x: 0, y: 0, z: 0}
  m_LocalScale: {x: 1, y: 1, z: 1}
  m_Children:
  - {fileID: 4024030497509964072}
  - {fileID: 4024030496509760869}
  - {fileID: 4024030496150940862}
  - {fileID: 4024030497318902931}
  - {fileID: 4024030496693018058}
  - {fileID: 4024030496899737849}
  m_Father: {fileID: 0}
  m_RootOrder: 0
  m_LocalEulerAnglesHint: {x: 0, y: 0, z: 0}
--- !u!1001 &3481989599668346563
PrefabInstance:
  m_ObjectHideFlags: 0
  serializedVersion: 2
  m_Modification:
    m_TransformParent: {fileID: 3481989599372843227}
    m_Modifications:
    - target: {fileID: -8679921383154817045, guid: 4fc04abdfaacf1c4e81537652b7aa189, type: 3}
      propertyPath: m_RootOrder
      value: 0
      objectReference: {fileID: 0}
    - target: {fileID: -8679921383154817045, guid: 4fc04abdfaacf1c4e81537652b7aa189, type: 3}
      propertyPath: m_LocalScale.y
      value: 0.14061154
      objectReference: {fileID: 0}
    - target: {fileID: -8679921383154817045, guid: 4fc04abdfaacf1c4e81537652b7aa189, type: 3}
      propertyPath: m_LocalPosition.x
      value: 0.05
      objectReference: {fileID: 0}
    - target: {fileID: -8679921383154817045, guid: 4fc04abdfaacf1c4e81537652b7aa189, type: 3}
      propertyPath: m_LocalPosition.y
      value: 0
      objectReference: {fileID: 0}
    - target: {fileID: -8679921383154817045, guid: 4fc04abdfaacf1c4e81537652b7aa189, type: 3}
      propertyPath: m_LocalPosition.z
      value: 0.04
      objectReference: {fileID: 0}
    - target: {fileID: -8679921383154817045, guid: 4fc04abdfaacf1c4e81537652b7aa189, type: 3}
      propertyPath: m_LocalRotation.w
      value: 0.7071067
      objectReference: {fileID: 0}
    - target: {fileID: -8679921383154817045, guid: 4fc04abdfaacf1c4e81537652b7aa189, type: 3}
      propertyPath: m_LocalRotation.x
      value: -0.7071068
      objectReference: {fileID: 0}
    - target: {fileID: -8679921383154817045, guid: 4fc04abdfaacf1c4e81537652b7aa189, type: 3}
      propertyPath: m_LocalRotation.y
      value: -0
      objectReference: {fileID: 0}
    - target: {fileID: -8679921383154817045, guid: 4fc04abdfaacf1c4e81537652b7aa189, type: 3}
      propertyPath: m_LocalRotation.z
      value: -0
      objectReference: {fileID: 0}
    - target: {fileID: -8679921383154817045, guid: 4fc04abdfaacf1c4e81537652b7aa189, type: 3}
      propertyPath: m_LocalEulerAnglesHint.x
      value: 0
      objectReference: {fileID: 0}
    - target: {fileID: -8679921383154817045, guid: 4fc04abdfaacf1c4e81537652b7aa189, type: 3}
      propertyPath: m_LocalEulerAnglesHint.y
      value: 0
      objectReference: {fileID: 0}
    - target: {fileID: -8679921383154817045, guid: 4fc04abdfaacf1c4e81537652b7aa189, type: 3}
      propertyPath: m_LocalEulerAnglesHint.z
      value: 0
      objectReference: {fileID: 0}
    - target: {fileID: -7511558181221131132, guid: 4fc04abdfaacf1c4e81537652b7aa189, type: 3}
      propertyPath: m_ScaleInLightmap
      value: 0.08
      objectReference: {fileID: 0}
    - target: {fileID: -7511558181221131132, guid: 4fc04abdfaacf1c4e81537652b7aa189, type: 3}
      propertyPath: m_Materials.Array.data[0]
      value: 
      objectReference: {fileID: 2100000, guid: 65eddcba20234824e9cfcac4e85e025d, type: 2}
    - target: {fileID: 919132149155446097, guid: 4fc04abdfaacf1c4e81537652b7aa189, type: 3}
      propertyPath: m_Name
      value: Wall2x4
      objectReference: {fileID: 0}
    - target: {fileID: 919132149155446097, guid: 4fc04abdfaacf1c4e81537652b7aa189, type: 3}
      propertyPath: m_StaticEditorFlags
      value: 4294967295
      objectReference: {fileID: 0}
    m_RemovedComponents: []
  m_SourcePrefab: {fileID: 100100000, guid: 4fc04abdfaacf1c4e81537652b7aa189, type: 3}
--- !u!4 &4024030497509964072 stripped
Transform:
  m_CorrespondingSourceObject: {fileID: -8679921383154817045, guid: 4fc04abdfaacf1c4e81537652b7aa189, type: 3}
  m_PrefabInstance: {fileID: 3481989599668346563}
  m_PrefabAsset: {fileID: 0}
--- !u!1001 &3481989599817202552
PrefabInstance:
  m_ObjectHideFlags: 0
  serializedVersion: 2
  m_Modification:
    m_TransformParent: {fileID: 3481989599372843227}
    m_Modifications:
    - target: {fileID: -8679921383154817045, guid: 41a51eea7dbda994b86aeb94f76b5b99, type: 3}
      propertyPath: m_RootOrder
      value: 3
      objectReference: {fileID: 0}
    - target: {fileID: -8679921383154817045, guid: 41a51eea7dbda994b86aeb94f76b5b99, type: 3}
      propertyPath: m_LocalScale.x
      value: 0.52680784
      objectReference: {fileID: 0}
    - target: {fileID: -8679921383154817045, guid: 41a51eea7dbda994b86aeb94f76b5b99, type: 3}
      propertyPath: m_LocalScale.y
      value: 3.8323371
      objectReference: {fileID: 0}
    - target: {fileID: -8679921383154817045, guid: 41a51eea7dbda994b86aeb94f76b5b99, type: 3}
      propertyPath: m_LocalScale.z
      value: 2.1818027
      objectReference: {fileID: 0}
    - target: {fileID: -8679921383154817045, guid: 41a51eea7dbda994b86aeb94f76b5b99, type: 3}
      propertyPath: m_LocalPosition.x
      value: -1.0239999
      objectReference: {fileID: 0}
    - target: {fileID: -8679921383154817045, guid: 41a51eea7dbda994b86aeb94f76b5b99, type: 3}
      propertyPath: m_LocalPosition.y
      value: 0.0050001144
      objectReference: {fileID: 0}
    - target: {fileID: -8679921383154817045, guid: 41a51eea7dbda994b86aeb94f76b5b99, type: 3}
      propertyPath: m_LocalPosition.z
      value: 0.03999996
      objectReference: {fileID: 0}
    - target: {fileID: -8679921383154817045, guid: 41a51eea7dbda994b86aeb94f76b5b99, type: 3}
      propertyPath: m_LocalRotation.w
      value: 0.50000006
      objectReference: {fileID: 0}
    - target: {fileID: -8679921383154817045, guid: 41a51eea7dbda994b86aeb94f76b5b99, type: 3}
      propertyPath: m_LocalRotation.x
      value: -0.5000001
      objectReference: {fileID: 0}
    - target: {fileID: -8679921383154817045, guid: 41a51eea7dbda994b86aeb94f76b5b99, type: 3}
      propertyPath: m_LocalRotation.y
      value: 0.49999994
      objectReference: {fileID: 0}
    - target: {fileID: -8679921383154817045, guid: 41a51eea7dbda994b86aeb94f76b5b99, type: 3}
      propertyPath: m_LocalRotation.z
      value: -0.49999997
      objectReference: {fileID: 0}
    - target: {fileID: -8679921383154817045, guid: 41a51eea7dbda994b86aeb94f76b5b99, type: 3}
      propertyPath: m_LocalEulerAnglesHint.x
      value: 0
      objectReference: {fileID: 0}
    - target: {fileID: -8679921383154817045, guid: 41a51eea7dbda994b86aeb94f76b5b99, type: 3}
      propertyPath: m_LocalEulerAnglesHint.y
      value: 90
      objectReference: {fileID: 0}
    - target: {fileID: -8679921383154817045, guid: 41a51eea7dbda994b86aeb94f76b5b99, type: 3}
      propertyPath: m_LocalEulerAnglesHint.z
      value: -90
      objectReference: {fileID: 0}
    - target: {fileID: -7511558181221131132, guid: 41a51eea7dbda994b86aeb94f76b5b99, type: 3}
      propertyPath: m_ScaleInLightmap
      value: 0.01
      objectReference: {fileID: 0}
    - target: {fileID: 919132149155446097, guid: 41a51eea7dbda994b86aeb94f76b5b99, type: 3}
      propertyPath: m_Name
      value: Steel_Beams (3)
      objectReference: {fileID: 0}
    - target: {fileID: 919132149155446097, guid: 41a51eea7dbda994b86aeb94f76b5b99, type: 3}
      propertyPath: m_StaticEditorFlags
      value: 4294967295
      objectReference: {fileID: 0}
    m_RemovedComponents: []
  m_SourcePrefab: {fileID: 100100000, guid: 41a51eea7dbda994b86aeb94f76b5b99, type: 3}
--- !u!4 &4024030497318902931 stripped
Transform:
  m_CorrespondingSourceObject: {fileID: -8679921383154817045, guid: 41a51eea7dbda994b86aeb94f76b5b99, type: 3}
  m_PrefabInstance: {fileID: 3481989599817202552}
  m_PrefabAsset: {fileID: 0}
--- !u!1001 &3481989600269913874
PrefabInstance:
  m_ObjectHideFlags: 0
  serializedVersion: 2
  m_Modification:
    m_TransformParent: {fileID: 3481989599372843227}
    m_Modifications:
    - target: {fileID: -8679921383154817045, guid: 41a51eea7dbda994b86aeb94f76b5b99, type: 3}
      propertyPath: m_RootOrder
      value: 5
      objectReference: {fileID: 0}
    - target: {fileID: -8679921383154817045, guid: 41a51eea7dbda994b86aeb94f76b5b99, type: 3}
      propertyPath: m_LocalScale.x
      value: 2.1382604
      objectReference: {fileID: 0}
    - target: {fileID: -8679921383154817045, guid: 41a51eea7dbda994b86aeb94f76b5b99, type: 3}
      propertyPath: m_LocalScale.y
      value: 3.8323371
      objectReference: {fileID: 0}
    - target: {fileID: -8679921383154817045, guid: 41a51eea7dbda994b86aeb94f76b5b99, type: 3}
      propertyPath: m_LocalScale.z
      value: 2.1818027
      objectReference: {fileID: 0}
    - target: {fileID: -8679921383154817045, guid: 41a51eea7dbda994b86aeb94f76b5b99, type: 3}
      propertyPath: m_LocalPosition.x
      value: -1.0239999
      objectReference: {fileID: 0}
    - target: {fileID: -8679921383154817045, guid: 41a51eea7dbda994b86aeb94f76b5b99, type: 3}
      propertyPath: m_LocalPosition.y
      value: 3.992
      objectReference: {fileID: 0}
    - target: {fileID: -8679921383154817045, guid: 41a51eea7dbda994b86aeb94f76b5b99, type: 3}
      propertyPath: m_LocalPosition.z
      value: 0.03999996
      objectReference: {fileID: 0}
    - target: {fileID: -8679921383154817045, guid: 41a51eea7dbda994b86aeb94f76b5b99, type: 3}
      propertyPath: m_LocalRotation.w
      value: 0.50000006
      objectReference: {fileID: 0}
    - target: {fileID: -8679921383154817045, guid: 41a51eea7dbda994b86aeb94f76b5b99, type: 3}
      propertyPath: m_LocalRotation.x
      value: -0.5000001
      objectReference: {fileID: 0}
    - target: {fileID: -8679921383154817045, guid: 41a51eea7dbda994b86aeb94f76b5b99, type: 3}
      propertyPath: m_LocalRotation.y
      value: 0.49999994
      objectReference: {fileID: 0}
    - target: {fileID: -8679921383154817045, guid: 41a51eea7dbda994b86aeb94f76b5b99, type: 3}
      propertyPath: m_LocalRotation.z
      value: -0.49999997
      objectReference: {fileID: 0}
    - target: {fileID: -8679921383154817045, guid: 41a51eea7dbda994b86aeb94f76b5b99, type: 3}
      propertyPath: m_LocalEulerAnglesHint.x
      value: 0
      objectReference: {fileID: 0}
    - target: {fileID: -8679921383154817045, guid: 41a51eea7dbda994b86aeb94f76b5b99, type: 3}
      propertyPath: m_LocalEulerAnglesHint.y
      value: 90
      objectReference: {fileID: 0}
    - target: {fileID: -8679921383154817045, guid: 41a51eea7dbda994b86aeb94f76b5b99, type: 3}
      propertyPath: m_LocalEulerAnglesHint.z
      value: -90
      objectReference: {fileID: 0}
    - target: {fileID: -7511558181221131132, guid: 41a51eea7dbda994b86aeb94f76b5b99, type: 3}
      propertyPath: m_ScaleInLightmap
      value: 0.01
      objectReference: {fileID: 0}
    - target: {fileID: 919132149155446097, guid: 41a51eea7dbda994b86aeb94f76b5b99, type: 3}
      propertyPath: m_Name
      value: Steel_Beams (5)
      objectReference: {fileID: 0}
    - target: {fileID: 919132149155446097, guid: 41a51eea7dbda994b86aeb94f76b5b99, type: 3}
      propertyPath: m_StaticEditorFlags
      value: 4294967295
      objectReference: {fileID: 0}
    m_RemovedComponents: []
  m_SourcePrefab: {fileID: 100100000, guid: 41a51eea7dbda994b86aeb94f76b5b99, type: 3}
--- !u!4 &4024030496899737849 stripped
Transform:
  m_CorrespondingSourceObject: {fileID: -8679921383154817045, guid: 41a51eea7dbda994b86aeb94f76b5b99, type: 3}
  m_PrefabInstance: {fileID: 3481989600269913874}
  m_PrefabAsset: {fileID: 0}
--- !u!1001 &3481989600443152929
PrefabInstance:
  m_ObjectHideFlags: 0
  serializedVersion: 2
  m_Modification:
    m_TransformParent: {fileID: 3481989599372843227}
    m_Modifications:
    - target: {fileID: -8679921383154817045, guid: 41a51eea7dbda994b86aeb94f76b5b99, type: 3}
      propertyPath: m_RootOrder
      value: 4
      objectReference: {fileID: 0}
    - target: {fileID: -8679921383154817045, guid: 41a51eea7dbda994b86aeb94f76b5b99, type: 3}
      propertyPath: m_LocalScale.x
      value: 0.6781597
      objectReference: {fileID: 0}
    - target: {fileID: -8679921383154817045, guid: 41a51eea7dbda994b86aeb94f76b5b99, type: 3}
      propertyPath: m_LocalScale.y
      value: 3.1006675
      objectReference: {fileID: 0}
    - target: {fileID: -8679921383154817045, guid: 41a51eea7dbda994b86aeb94f76b5b99, type: 3}
      propertyPath: m_LocalScale.z
      value: 2.1818027
      objectReference: {fileID: 0}
    - target: {fileID: -8679921383154817045, guid: 41a51eea7dbda994b86aeb94f76b5b99, type: 3}
      propertyPath: m_LocalPosition.x
      value: -1.0239999
      objectReference: {fileID: 0}
    - target: {fileID: -8679921383154817045, guid: 41a51eea7dbda994b86aeb94f76b5b99, type: 3}
      propertyPath: m_LocalPosition.y
      value: 0.025000095
      objectReference: {fileID: 0}
    - target: {fileID: -8679921383154817045, guid: 41a51eea7dbda994b86aeb94f76b5b99, type: 3}
      propertyPath: m_LocalPosition.z
      value: 0.03999996
      objectReference: {fileID: 0}
    - target: {fileID: -8679921383154817045, guid: 41a51eea7dbda994b86aeb94f76b5b99, type: 3}
      propertyPath: m_LocalRotation.w
      value: 0.50000006
      objectReference: {fileID: 0}
    - target: {fileID: -8679921383154817045, guid: 41a51eea7dbda994b86aeb94f76b5b99, type: 3}
      propertyPath: m_LocalRotation.x
      value: -0.5000001
      objectReference: {fileID: 0}
    - target: {fileID: -8679921383154817045, guid: 41a51eea7dbda994b86aeb94f76b5b99, type: 3}
      propertyPath: m_LocalRotation.y
      value: 0.49999994
      objectReference: {fileID: 0}
    - target: {fileID: -8679921383154817045, guid: 41a51eea7dbda994b86aeb94f76b5b99, type: 3}
      propertyPath: m_LocalRotation.z
      value: -0.49999997
      objectReference: {fileID: 0}
    - target: {fileID: -8679921383154817045, guid: 41a51eea7dbda994b86aeb94f76b5b99, type: 3}
      propertyPath: m_LocalEulerAnglesHint.x
      value: 0
      objectReference: {fileID: 0}
    - target: {fileID: -8679921383154817045, guid: 41a51eea7dbda994b86aeb94f76b5b99, type: 3}
      propertyPath: m_LocalEulerAnglesHint.y
      value: 90
      objectReference: {fileID: 0}
    - target: {fileID: -8679921383154817045, guid: 41a51eea7dbda994b86aeb94f76b5b99, type: 3}
      propertyPath: m_LocalEulerAnglesHint.z
      value: -90
      objectReference: {fileID: 0}
    - target: {fileID: -7511558181221131132, guid: 41a51eea7dbda994b86aeb94f76b5b99, type: 3}
      propertyPath: m_ScaleInLightmap
      value: 0.01
      objectReference: {fileID: 0}
    - target: {fileID: 919132149155446097, guid: 41a51eea7dbda994b86aeb94f76b5b99, type: 3}
      propertyPath: m_Name
      value: Steel_Beams (4)
      objectReference: {fileID: 0}
    - target: {fileID: 919132149155446097, guid: 41a51eea7dbda994b86aeb94f76b5b99, type: 3}
      propertyPath: m_StaticEditorFlags
      value: 4294967295
      objectReference: {fileID: 0}
    m_RemovedComponents: []
  m_SourcePrefab: {fileID: 100100000, guid: 41a51eea7dbda994b86aeb94f76b5b99, type: 3}
--- !u!4 &4024030496693018058 stripped
Transform:
  m_CorrespondingSourceObject: {fileID: -8679921383154817045, guid: 41a51eea7dbda994b86aeb94f76b5b99, type: 3}
  m_PrefabInstance: {fileID: 3481989600443152929}
  m_PrefabAsset: {fileID: 0}
--- !u!1001 &3481989600668349070
PrefabInstance:
  m_ObjectHideFlags: 0
  serializedVersion: 2
  m_Modification:
    m_TransformParent: {fileID: 3481989599372843227}
    m_Modifications:
    - target: {fileID: -8679921383154817045, guid: 41a51eea7dbda994b86aeb94f76b5b99, type: 3}
      propertyPath: m_RootOrder
      value: 1
      objectReference: {fileID: 0}
    - target: {fileID: -8679921383154817045, guid: 41a51eea7dbda994b86aeb94f76b5b99, type: 3}
      propertyPath: m_LocalScale.x
      value: 2.4631
      objectReference: {fileID: 0}
    - target: {fileID: -8679921383154817045, guid: 41a51eea7dbda994b86aeb94f76b5b99, type: 3}
      propertyPath: m_LocalScale.y
      value: 2.4630997
      objectReference: {fileID: 0}
    - target: {fileID: -8679921383154817045, guid: 41a51eea7dbda994b86aeb94f76b5b99, type: 3}
      propertyPath: m_LocalScale.z
      value: 4.2123804
      objectReference: {fileID: 0}
    - target: {fileID: -8679921383154817045, guid: 41a51eea7dbda994b86aeb94f76b5b99, type: 3}
      propertyPath: m_LocalPosition.x
      value: -0.98999983
      objectReference: {fileID: 0}
    - target: {fileID: -8679921383154817045, guid: 41a51eea7dbda994b86aeb94f76b5b99, type: 3}
      propertyPath: m_LocalPosition.y
      value: 0
      objectReference: {fileID: 0}
    - target: {fileID: -8679921383154817045, guid: 41a51eea7dbda994b86aeb94f76b5b99, type: 3}
      propertyPath: m_LocalPosition.z
      value: 0.03999996
      objectReference: {fileID: 0}
    - target: {fileID: -8679921383154817045, guid: 41a51eea7dbda994b86aeb94f76b5b99, type: 3}
      propertyPath: m_LocalRotation.w
      value: 0.7071067
      objectReference: {fileID: 0}
    - target: {fileID: -8679921383154817045, guid: 41a51eea7dbda994b86aeb94f76b5b99, type: 3}
      propertyPath: m_LocalRotation.x
      value: -0.7071068
      objectReference: {fileID: 0}
    - target: {fileID: -8679921383154817045, guid: 41a51eea7dbda994b86aeb94f76b5b99, type: 3}
      propertyPath: m_LocalRotation.y
      value: -0
      objectReference: {fileID: 0}
    - target: {fileID: -8679921383154817045, guid: 41a51eea7dbda994b86aeb94f76b5b99, type: 3}
      propertyPath: m_LocalRotation.z
      value: -0
      objectReference: {fileID: 0}
    - target: {fileID: -8679921383154817045, guid: 41a51eea7dbda994b86aeb94f76b5b99, type: 3}
      propertyPath: m_LocalEulerAnglesHint.x
      value: 0
      objectReference: {fileID: 0}
    - target: {fileID: -8679921383154817045, guid: 41a51eea7dbda994b86aeb94f76b5b99, type: 3}
      propertyPath: m_LocalEulerAnglesHint.y
      value: 0
      objectReference: {fileID: 0}
    - target: {fileID: -8679921383154817045, guid: 41a51eea7dbda994b86aeb94f76b5b99, type: 3}
      propertyPath: m_LocalEulerAnglesHint.z
      value: 0
      objectReference: {fileID: 0}
    - target: {fileID: -7511558181221131132, guid: 41a51eea7dbda994b86aeb94f76b5b99, type: 3}
      propertyPath: m_ScaleInLightmap
      value: 0.01
      objectReference: {fileID: 0}
    - target: {fileID: 919132149155446097, guid: 41a51eea7dbda994b86aeb94f76b5b99, type: 3}
      propertyPath: m_Name
      value: Steel_Beams (1)
      objectReference: {fileID: 0}
    - target: {fileID: 919132149155446097, guid: 41a51eea7dbda994b86aeb94f76b5b99, type: 3}
      propertyPath: m_StaticEditorFlags
      value: 4294967295
      objectReference: {fileID: 0}
    m_RemovedComponents: []
  m_SourcePrefab: {fileID: 100100000, guid: 41a51eea7dbda994b86aeb94f76b5b99, type: 3}
--- !u!4 &4024030496509760869 stripped
Transform:
  m_CorrespondingSourceObject: {fileID: -8679921383154817045, guid: 41a51eea7dbda994b86aeb94f76b5b99, type: 3}
  m_PrefabInstance: {fileID: 3481989600668349070}
  m_PrefabAsset: {fileID: 0}
--- !u!1001 &3481989600993807189
PrefabInstance:
  m_ObjectHideFlags: 0
  serializedVersion: 2
  m_Modification:
    m_TransformParent: {fileID: 3481989599372843227}
    m_Modifications:
    - target: {fileID: -8679921383154817045, guid: 41a51eea7dbda994b86aeb94f76b5b99, type: 3}
      propertyPath: m_RootOrder
      value: 2
      objectReference: {fileID: 0}
    - target: {fileID: -8679921383154817045, guid: 41a51eea7dbda994b86aeb94f76b5b99, type: 3}
      propertyPath: m_LocalScale.x
      value: 2.4631
      objectReference: {fileID: 0}
    - target: {fileID: -8679921383154817045, guid: 41a51eea7dbda994b86aeb94f76b5b99, type: 3}
      propertyPath: m_LocalScale.y
      value: 2.4630997
      objectReference: {fileID: 0}
    - target: {fileID: -8679921383154817045, guid: 41a51eea7dbda994b86aeb94f76b5b99, type: 3}
      propertyPath: m_LocalScale.z
      value: 4.2123804
      objectReference: {fileID: 0}
    - target: {fileID: -8679921383154817045, guid: 41a51eea7dbda994b86aeb94f76b5b99, type: 3}
      propertyPath: m_LocalPosition.x
      value: 1.0100001
      objectReference: {fileID: 0}
    - target: {fileID: -8679921383154817045, guid: 41a51eea7dbda994b86aeb94f76b5b99, type: 3}
      propertyPath: m_LocalPosition.y
      value: 0
      objectReference: {fileID: 0}
    - target: {fileID: -8679921383154817045, guid: 41a51eea7dbda994b86aeb94f76b5b99, type: 3}
      propertyPath: m_LocalPosition.z
      value: 0.03999996
      objectReference: {fileID: 0}
    - target: {fileID: -8679921383154817045, guid: 41a51eea7dbda994b86aeb94f76b5b99, type: 3}
      propertyPath: m_LocalRotation.w
      value: 0.7071067
      objectReference: {fileID: 0}
    - target: {fileID: -8679921383154817045, guid: 41a51eea7dbda994b86aeb94f76b5b99, type: 3}
      propertyPath: m_LocalRotation.x
      value: -0.7071068
      objectReference: {fileID: 0}
    - target: {fileID: -8679921383154817045, guid: 41a51eea7dbda994b86aeb94f76b5b99, type: 3}
      propertyPath: m_LocalRotation.y
      value: -0
      objectReference: {fileID: 0}
    - target: {fileID: -8679921383154817045, guid: 41a51eea7dbda994b86aeb94f76b5b99, type: 3}
      propertyPath: m_LocalRotation.z
      value: -0
      objectReference: {fileID: 0}
    - target: {fileID: -8679921383154817045, guid: 41a51eea7dbda994b86aeb94f76b5b99, type: 3}
      propertyPath: m_LocalEulerAnglesHint.x
      value: 0
      objectReference: {fileID: 0}
    - target: {fileID: -8679921383154817045, guid: 41a51eea7dbda994b86aeb94f76b5b99, type: 3}
      propertyPath: m_LocalEulerAnglesHint.y
      value: 0
      objectReference: {fileID: 0}
    - target: {fileID: -8679921383154817045, guid: 41a51eea7dbda994b86aeb94f76b5b99, type: 3}
      propertyPath: m_LocalEulerAnglesHint.z
      value: 0
      objectReference: {fileID: 0}
    - target: {fileID: -7511558181221131132, guid: 41a51eea7dbda994b86aeb94f76b5b99, type: 3}
      propertyPath: m_ScaleInLightmap
      value: 0.01
      objectReference: {fileID: 0}
    - target: {fileID: 919132149155446097, guid: 41a51eea7dbda994b86aeb94f76b5b99, type: 3}
      propertyPath: m_Name
      value: Steel_Beams (2)
      objectReference: {fileID: 0}
    - target: {fileID: 919132149155446097, guid: 41a51eea7dbda994b86aeb94f76b5b99, type: 3}
      propertyPath: m_StaticEditorFlags
      value: 4294967295
      objectReference: {fileID: 0}
    m_RemovedComponents: []
  m_SourcePrefab: {fileID: 100100000, guid: 41a51eea7dbda994b86aeb94f76b5b99, type: 3}
--- !u!4 &4024030496150940862 stripped
Transform:
  m_CorrespondingSourceObject: {fileID: -8679921383154817045, guid: 41a51eea7dbda994b86aeb94f76b5b99, type: 3}
  m_PrefabInstance: {fileID: 3481989600993807189}
  m_PrefabAsset: {fileID: 0}
