%YAML 1.1
%TAG !u! tag:unity3d.com,2011:
--- !u!1 &2121821517138470161
GameObject:
  m_ObjectHideFlags: 0
  m_CorrespondingSourceObject: {fileID: 0}
  m_PrefabInstance: {fileID: 0}
  m_PrefabAsset: {fileID: 0}
  serializedVersion: 6
  m_Component:
  - component: {fileID: 2121821517138470162}
  m_Layer: 0
  m_Name: TellerDesk
  m_TagString: Untagged
  m_Icon: {fileID: 0}
  m_NavMeshLayer: 0
  m_StaticEditorFlags: 4294967295
  m_IsActive: 1
--- !u!4 &2121821517138470162
Transform:
  m_ObjectHideFlags: 0
  m_CorrespondingSourceObject: {fileID: 0}
  m_PrefabInstance: {fileID: 0}
  m_PrefabAsset: {fileID: 0}
  m_GameObject: {fileID: 2121821517138470161}
  m_LocalRotation: {x: 0, y: 0, z: 0, w: 1}
  m_LocalPosition: {x: 0, y: 0, z: 0}
  m_LocalScale: {x: 1, y: 1, z: 1}
  m_Children:
  - {fileID: 1943444047884108540}
  - {fileID: 1943444047723536097}
  - {fileID: 1943444049229460493}
  - {fileID: 1943444048922036614}
  - {fileID: 1943444048325983803}
  - {fileID: 1943444047675739277}
  - {fileID: 1943444049081910159}
  - {fileID: 1943444049269089687}
  - {fileID: 1943444049463632270}
  - {fileID: 1943444048020133514}
  - {fileID: 1943444048186130284}
  - {fileID: 1943444048706916531}
  - {fileID: 1943444049469880149}
  - {fileID: 1943444047641640481}
  - {fileID: 57802774589481254}
  - {fileID: 4929109325807664110}
  m_Father: {fileID: 0}
  m_RootOrder: 0
  m_LocalEulerAnglesHint: {x: 0, y: 0, z: 0}
--- !u!1001 &2121821517168576101
PrefabInstance:
  m_ObjectHideFlags: 0
  serializedVersion: 2
  m_Modification:
    m_TransformParent: {fileID: 2121821517138470162}
    m_Modifications:
    - target: {fileID: -8679921383154817045, guid: 810f7b14c83a19e4c8b909a890a0cac0, type: 3}
      propertyPath: m_RootOrder
      value: 8
      objectReference: {fileID: 0}
    - target: {fileID: -8679921383154817045, guid: 810f7b14c83a19e4c8b909a890a0cac0, type: 3}
      propertyPath: m_LocalScale.x
      value: 1.2466738
      objectReference: {fileID: 0}
    - target: {fileID: -8679921383154817045, guid: 810f7b14c83a19e4c8b909a890a0cac0, type: 3}
      propertyPath: m_LocalScale.z
      value: 0.59345996
      objectReference: {fileID: 0}
    - target: {fileID: -8679921383154817045, guid: 810f7b14c83a19e4c8b909a890a0cac0, type: 3}
      propertyPath: m_LocalPosition.x
      value: -0.432
      objectReference: {fileID: 0}
    - target: {fileID: -8679921383154817045, guid: 810f7b14c83a19e4c8b909a890a0cac0, type: 3}
      propertyPath: m_LocalPosition.y
      value: 0.61
      objectReference: {fileID: 0}
    - target: {fileID: -8679921383154817045, guid: 810f7b14c83a19e4c8b909a890a0cac0, type: 3}
      propertyPath: m_LocalPosition.z
      value: 0
      objectReference: {fileID: 0}
    - target: {fileID: -8679921383154817045, guid: 810f7b14c83a19e4c8b909a890a0cac0, type: 3}
      propertyPath: m_LocalRotation.w
      value: 0.7071067
      objectReference: {fileID: 0}
    - target: {fileID: -8679921383154817045, guid: 810f7b14c83a19e4c8b909a890a0cac0, type: 3}
      propertyPath: m_LocalRotation.x
      value: -0.7071068
      objectReference: {fileID: 0}
    - target: {fileID: -8679921383154817045, guid: 810f7b14c83a19e4c8b909a890a0cac0, type: 3}
      propertyPath: m_LocalRotation.y
      value: -0
      objectReference: {fileID: 0}
    - target: {fileID: -8679921383154817045, guid: 810f7b14c83a19e4c8b909a890a0cac0, type: 3}
      propertyPath: m_LocalRotation.z
      value: -0
      objectReference: {fileID: 0}
    - target: {fileID: -8679921383154817045, guid: 810f7b14c83a19e4c8b909a890a0cac0, type: 3}
      propertyPath: m_LocalEulerAnglesHint.x
      value: 0
      objectReference: {fileID: 0}
    - target: {fileID: -8679921383154817045, guid: 810f7b14c83a19e4c8b909a890a0cac0, type: 3}
      propertyPath: m_LocalEulerAnglesHint.y
      value: 0
      objectReference: {fileID: 0}
    - target: {fileID: -8679921383154817045, guid: 810f7b14c83a19e4c8b909a890a0cac0, type: 3}
      propertyPath: m_LocalEulerAnglesHint.z
      value: 0
      objectReference: {fileID: 0}
    - target: {fileID: -7511558181221131132, guid: 810f7b14c83a19e4c8b909a890a0cac0, type: 3}
      propertyPath: m_ScaleInLightmap
      value: 0.07
      objectReference: {fileID: 0}
    - target: {fileID: 919132149155446097, guid: 810f7b14c83a19e4c8b909a890a0cac0, type: 3}
      propertyPath: m_Name
      value: WoodPlank_1 (2)
      objectReference: {fileID: 0}
    - target: {fileID: 919132149155446097, guid: 810f7b14c83a19e4c8b909a890a0cac0, type: 3}
      propertyPath: m_StaticEditorFlags
      value: 4294967295
      objectReference: {fileID: 0}
    m_RemovedComponents: []
  m_SourcePrefab: {fileID: 100100000, guid: 810f7b14c83a19e4c8b909a890a0cac0, type: 3}
--- !u!4 &1943444049463632270 stripped
Transform:
  m_CorrespondingSourceObject: {fileID: -8679921383154817045, guid: 810f7b14c83a19e4c8b909a890a0cac0, type: 3}
  m_PrefabInstance: {fileID: 2121821517168576101}
  m_PrefabAsset: {fileID: 0}
--- !u!1001 &2121821517171052734
PrefabInstance:
  m_ObjectHideFlags: 0
  serializedVersion: 2
  m_Modification:
    m_TransformParent: {fileID: 2121821517138470162}
    m_Modifications:
    - target: {fileID: -8679921383154817045, guid: fef6ec0a3444aea46a4e14b1a6e6b0f3, type: 3}
      propertyPath: m_RootOrder
      value: 12
      objectReference: {fileID: 0}
    - target: {fileID: -8679921383154817045, guid: fef6ec0a3444aea46a4e14b1a6e6b0f3, type: 3}
      propertyPath: m_LocalScale.x
      value: 0.29175952
      objectReference: {fileID: 0}
    - target: {fileID: -8679921383154817045, guid: fef6ec0a3444aea46a4e14b1a6e6b0f3, type: 3}
      propertyPath: m_LocalScale.y
      value: 0.29175952
      objectReference: {fileID: 0}
    - target: {fileID: -8679921383154817045, guid: fef6ec0a3444aea46a4e14b1a6e6b0f3, type: 3}
      propertyPath: m_LocalScale.z
      value: 0.29175952
      objectReference: {fileID: 0}
    - target: {fileID: -8679921383154817045, guid: fef6ec0a3444aea46a4e14b1a6e6b0f3, type: 3}
      propertyPath: m_LocalPosition.x
      value: -0.47600004
      objectReference: {fileID: 0}
    - target: {fileID: -8679921383154817045, guid: fef6ec0a3444aea46a4e14b1a6e6b0f3, type: 3}
      propertyPath: m_LocalPosition.y
      value: 0.305
      objectReference: {fileID: 0}
    - target: {fileID: -8679921383154817045, guid: fef6ec0a3444aea46a4e14b1a6e6b0f3, type: 3}
      propertyPath: m_LocalPosition.z
      value: 0.588
      objectReference: {fileID: 0}
    - target: {fileID: -8679921383154817045, guid: fef6ec0a3444aea46a4e14b1a6e6b0f3, type: 3}
      propertyPath: m_LocalRotation.w
      value: 1
      objectReference: {fileID: 0}
    - target: {fileID: -8679921383154817045, guid: fef6ec0a3444aea46a4e14b1a6e6b0f3, type: 3}
      propertyPath: m_LocalRotation.x
      value: 1.5631939e-13
      objectReference: {fileID: 0}
    - target: {fileID: -8679921383154817045, guid: fef6ec0a3444aea46a4e14b1a6e6b0f3, type: 3}
      propertyPath: m_LocalRotation.y
      value: -0.00000075995905
      objectReference: {fileID: 0}
    - target: {fileID: -8679921383154817045, guid: fef6ec0a3444aea46a4e14b1a6e6b0f3, type: 3}
      propertyPath: m_LocalRotation.z
      value: -0.00000020861607
      objectReference: {fileID: 0}
    - target: {fileID: -8679921383154817045, guid: fef6ec0a3444aea46a4e14b1a6e6b0f3, type: 3}
      propertyPath: m_LocalEulerAnglesHint.x
      value: 0
      objectReference: {fileID: 0}
    - target: {fileID: -8679921383154817045, guid: fef6ec0a3444aea46a4e14b1a6e6b0f3, type: 3}
      propertyPath: m_LocalEulerAnglesHint.y
      value: 0
      objectReference: {fileID: 0}
    - target: {fileID: -8679921383154817045, guid: fef6ec0a3444aea46a4e14b1a6e6b0f3, type: 3}
      propertyPath: m_LocalEulerAnglesHint.z
      value: 0
      objectReference: {fileID: 0}
    - target: {fileID: -7511558181221131132, guid: fef6ec0a3444aea46a4e14b1a6e6b0f3, type: 3}
      propertyPath: m_ScaleInLightmap
      value: 0.02
      objectReference: {fileID: 0}
    - target: {fileID: 919132149155446097, guid: fef6ec0a3444aea46a4e14b1a6e6b0f3, type: 3}
      propertyPath: m_Name
      value: WoodPlank_2 (2)
      objectReference: {fileID: 0}
    - target: {fileID: 919132149155446097, guid: fef6ec0a3444aea46a4e14b1a6e6b0f3, type: 3}
      propertyPath: m_StaticEditorFlags
      value: 4294967295
      objectReference: {fileID: 0}
    m_RemovedComponents: []
  m_SourcePrefab: {fileID: 100100000, guid: fef6ec0a3444aea46a4e14b1a6e6b0f3, type: 3}
--- !u!4 &1943444049469880149 stripped
Transform:
  m_CorrespondingSourceObject: {fileID: -8679921383154817045, guid: fef6ec0a3444aea46a4e14b1a6e6b0f3, type: 3}
  m_PrefabInstance: {fileID: 2121821517171052734}
  m_PrefabAsset: {fileID: 0}
--- !u!1001 &2121821517363446396
PrefabInstance:
  m_ObjectHideFlags: 0
  serializedVersion: 2
  m_Modification:
    m_TransformParent: {fileID: 2121821517138470162}
    m_Modifications:
    - target: {fileID: -8679921383154817045, guid: fef6ec0a3444aea46a4e14b1a6e6b0f3, type: 3}
      propertyPath: m_RootOrder
      value: 7
      objectReference: {fileID: 0}
    - target: {fileID: -8679921383154817045, guid: fef6ec0a3444aea46a4e14b1a6e6b0f3, type: 3}
      propertyPath: m_LocalScale.x
      value: 0.29175952
      objectReference: {fileID: 0}
    - target: {fileID: -8679921383154817045, guid: fef6ec0a3444aea46a4e14b1a6e6b0f3, type: 3}
      propertyPath: m_LocalScale.y
      value: 0.29175952
      objectReference: {fileID: 0}
    - target: {fileID: -8679921383154817045, guid: fef6ec0a3444aea46a4e14b1a6e6b0f3, type: 3}
      propertyPath: m_LocalScale.z
      value: 0.29175952
      objectReference: {fileID: 0}
    - target: {fileID: -8679921383154817045, guid: fef6ec0a3444aea46a4e14b1a6e6b0f3, type: 3}
      propertyPath: m_LocalPosition.x
      value: -0.6680001
      objectReference: {fileID: 0}
    - target: {fileID: -8679921383154817045, guid: fef6ec0a3444aea46a4e14b1a6e6b0f3, type: 3}
      propertyPath: m_LocalPosition.y
      value: 0.305
      objectReference: {fileID: 0}
    - target: {fileID: -8679921383154817045, guid: fef6ec0a3444aea46a4e14b1a6e6b0f3, type: 3}
      propertyPath: m_LocalPosition.z
      value: 0.588
      objectReference: {fileID: 0}
    - target: {fileID: -8679921383154817045, guid: fef6ec0a3444aea46a4e14b1a6e6b0f3, type: 3}
      propertyPath: m_LocalRotation.w
      value: 1
      objectReference: {fileID: 0}
    - target: {fileID: -8679921383154817045, guid: fef6ec0a3444aea46a4e14b1a6e6b0f3, type: 3}
      propertyPath: m_LocalRotation.x
      value: 1.5631939e-13
      objectReference: {fileID: 0}
    - target: {fileID: -8679921383154817045, guid: fef6ec0a3444aea46a4e14b1a6e6b0f3, type: 3}
      propertyPath: m_LocalRotation.y
      value: -0.00000075995905
      objectReference: {fileID: 0}
    - target: {fileID: -8679921383154817045, guid: fef6ec0a3444aea46a4e14b1a6e6b0f3, type: 3}
      propertyPath: m_LocalRotation.z
      value: -0.00000020861607
      objectReference: {fileID: 0}
    - target: {fileID: -8679921383154817045, guid: fef6ec0a3444aea46a4e14b1a6e6b0f3, type: 3}
      propertyPath: m_LocalEulerAnglesHint.x
      value: 0
      objectReference: {fileID: 0}
    - target: {fileID: -8679921383154817045, guid: fef6ec0a3444aea46a4e14b1a6e6b0f3, type: 3}
      propertyPath: m_LocalEulerAnglesHint.y
      value: 0
      objectReference: {fileID: 0}
    - target: {fileID: -8679921383154817045, guid: fef6ec0a3444aea46a4e14b1a6e6b0f3, type: 3}
      propertyPath: m_LocalEulerAnglesHint.z
      value: 0
      objectReference: {fileID: 0}
    - target: {fileID: -7511558181221131132, guid: fef6ec0a3444aea46a4e14b1a6e6b0f3, type: 3}
      propertyPath: m_ScaleInLightmap
      value: 0.02
      objectReference: {fileID: 0}
    - target: {fileID: 919132149155446097, guid: fef6ec0a3444aea46a4e14b1a6e6b0f3, type: 3}
      propertyPath: m_Name
      value: WoodPlank_2 (1)
      objectReference: {fileID: 0}
    - target: {fileID: 919132149155446097, guid: fef6ec0a3444aea46a4e14b1a6e6b0f3, type: 3}
      propertyPath: m_StaticEditorFlags
      value: 4294967295
      objectReference: {fileID: 0}
    m_RemovedComponents: []
  m_SourcePrefab: {fileID: 100100000, guid: fef6ec0a3444aea46a4e14b1a6e6b0f3, type: 3}
--- !u!4 &1943444049269089687 stripped
Transform:
  m_CorrespondingSourceObject: {fileID: -8679921383154817045, guid: fef6ec0a3444aea46a4e14b1a6e6b0f3, type: 3}
  m_PrefabInstance: {fileID: 2121821517363446396}
  m_PrefabAsset: {fileID: 0}
--- !u!1001 &2121821517403018214
PrefabInstance:
  m_ObjectHideFlags: 0
  serializedVersion: 2
  m_Modification:
    m_TransformParent: {fileID: 2121821517138470162}
    m_Modifications:
    - target: {fileID: -8679921383154817045, guid: 411af224f5f4337459dc6ca5ddb79d12, type: 3}
      propertyPath: m_RootOrder
      value: 2
      objectReference: {fileID: 0}
    - target: {fileID: -8679921383154817045, guid: 411af224f5f4337459dc6ca5ddb79d12, type: 3}
      propertyPath: m_LocalScale.y
      value: 1.0753345
      objectReference: {fileID: 0}
    - target: {fileID: -8679921383154817045, guid: 411af224f5f4337459dc6ca5ddb79d12, type: 3}
      propertyPath: m_LocalPosition.x
      value: 0.010999978
      objectReference: {fileID: 0}
    - target: {fileID: -8679921383154817045, guid: 411af224f5f4337459dc6ca5ddb79d12, type: 3}
      propertyPath: m_LocalPosition.y
      value: 0
      objectReference: {fileID: 0}
    - target: {fileID: -8679921383154817045, guid: 411af224f5f4337459dc6ca5ddb79d12, type: 3}
      propertyPath: m_LocalPosition.z
      value: 0.979
      objectReference: {fileID: 0}
    - target: {fileID: -8679921383154817045, guid: 411af224f5f4337459dc6ca5ddb79d12, type: 3}
      propertyPath: m_LocalRotation.w
      value: 0.49999997
      objectReference: {fileID: 0}
    - target: {fileID: -8679921383154817045, guid: 411af224f5f4337459dc6ca5ddb79d12, type: 3}
      propertyPath: m_LocalRotation.x
      value: -0.49999997
      objectReference: {fileID: 0}
    - target: {fileID: -8679921383154817045, guid: 411af224f5f4337459dc6ca5ddb79d12, type: 3}
      propertyPath: m_LocalRotation.y
      value: -0.5000001
      objectReference: {fileID: 0}
    - target: {fileID: -8679921383154817045, guid: 411af224f5f4337459dc6ca5ddb79d12, type: 3}
      propertyPath: m_LocalRotation.z
      value: 0.50000006
      objectReference: {fileID: 0}
    - target: {fileID: -8679921383154817045, guid: 411af224f5f4337459dc6ca5ddb79d12, type: 3}
      propertyPath: m_LocalEulerAnglesHint.x
      value: 0
      objectReference: {fileID: 0}
    - target: {fileID: -8679921383154817045, guid: 411af224f5f4337459dc6ca5ddb79d12, type: 3}
      propertyPath: m_LocalEulerAnglesHint.y
      value: -90
      objectReference: {fileID: 0}
    - target: {fileID: -8679921383154817045, guid: 411af224f5f4337459dc6ca5ddb79d12, type: 3}
      propertyPath: m_LocalEulerAnglesHint.z
      value: 90
      objectReference: {fileID: 0}
    - target: {fileID: -7511558181221131132, guid: 411af224f5f4337459dc6ca5ddb79d12, type: 3}
      propertyPath: m_ScaleInLightmap
      value: 0.05
      objectReference: {fileID: 0}
    - target: {fileID: 919132149155446097, guid: 411af224f5f4337459dc6ca5ddb79d12, type: 3}
      propertyPath: m_Name
      value: SteelPlank_2
      objectReference: {fileID: 0}
    - target: {fileID: 919132149155446097, guid: 411af224f5f4337459dc6ca5ddb79d12, type: 3}
      propertyPath: m_StaticEditorFlags
      value: 4294967295
      objectReference: {fileID: 0}
    m_RemovedComponents: []
  m_SourcePrefab: {fileID: 100100000, guid: 411af224f5f4337459dc6ca5ddb79d12, type: 3}
--- !u!4 &1943444049229460493 stripped
Transform:
  m_CorrespondingSourceObject: {fileID: -8679921383154817045, guid: 411af224f5f4337459dc6ca5ddb79d12, type: 3}
  m_PrefabInstance: {fileID: 2121821517403018214}
  m_PrefabAsset: {fileID: 0}
--- !u!1001 &2121821517525460068
PrefabInstance:
  m_ObjectHideFlags: 0
  serializedVersion: 2
  m_Modification:
    m_TransformParent: {fileID: 2121821517138470162}
    m_Modifications:
    - target: {fileID: -8679921383154817045, guid: 411af224f5f4337459dc6ca5ddb79d12, type: 3}
      propertyPath: m_RootOrder
      value: 6
      objectReference: {fileID: 0}
    - target: {fileID: -8679921383154817045, guid: 411af224f5f4337459dc6ca5ddb79d12, type: 3}
      propertyPath: m_LocalScale.x
      value: 1.3856775
      objectReference: {fileID: 0}
    - target: {fileID: -8679921383154817045, guid: 411af224f5f4337459dc6ca5ddb79d12, type: 3}
      propertyPath: m_LocalScale.y
      value: 0.599493
      objectReference: {fileID: 0}
    - target: {fileID: -8679921383154817045, guid: 411af224f5f4337459dc6ca5ddb79d12, type: 3}
      propertyPath: m_LocalPosition.x
      value: 0.0009999871
      objectReference: {fileID: 0}
    - target: {fileID: -8679921383154817045, guid: 411af224f5f4337459dc6ca5ddb79d12, type: 3}
      propertyPath: m_LocalPosition.y
      value: 0
      objectReference: {fileID: 0}
    - target: {fileID: -8679921383154817045, guid: 411af224f5f4337459dc6ca5ddb79d12, type: 3}
      propertyPath: m_LocalPosition.z
      value: -0.943
      objectReference: {fileID: 0}
    - target: {fileID: -8679921383154817045, guid: 411af224f5f4337459dc6ca5ddb79d12, type: 3}
      propertyPath: m_LocalRotation.w
      value: 0.00000026822087
      objectReference: {fileID: 0}
    - target: {fileID: -8679921383154817045, guid: 411af224f5f4337459dc6ca5ddb79d12, type: 3}
      propertyPath: m_LocalRotation.x
      value: 5.2226056e-14
      objectReference: {fileID: 0}
    - target: {fileID: -8679921383154817045, guid: 411af224f5f4337459dc6ca5ddb79d12, type: 3}
      propertyPath: m_LocalRotation.y
      value: 1
      objectReference: {fileID: 0}
    - target: {fileID: -8679921383154817045, guid: 411af224f5f4337459dc6ca5ddb79d12, type: 3}
      propertyPath: m_LocalRotation.z
      value: 0.00000020861621
      objectReference: {fileID: 0}
    - target: {fileID: -8679921383154817045, guid: 411af224f5f4337459dc6ca5ddb79d12, type: 3}
      propertyPath: m_LocalEulerAnglesHint.x
      value: 0
      objectReference: {fileID: 0}
    - target: {fileID: -8679921383154817045, guid: 411af224f5f4337459dc6ca5ddb79d12, type: 3}
      propertyPath: m_LocalEulerAnglesHint.y
      value: 180
      objectReference: {fileID: 0}
    - target: {fileID: -8679921383154817045, guid: 411af224f5f4337459dc6ca5ddb79d12, type: 3}
      propertyPath: m_LocalEulerAnglesHint.z
      value: 0
      objectReference: {fileID: 0}
    - target: {fileID: -7511558181221131132, guid: 411af224f5f4337459dc6ca5ddb79d12, type: 3}
      propertyPath: m_ScaleInLightmap
      value: 0.03
      objectReference: {fileID: 0}
    - target: {fileID: 919132149155446097, guid: 411af224f5f4337459dc6ca5ddb79d12, type: 3}
      propertyPath: m_Name
      value: SteelPlank_2 (4)
      objectReference: {fileID: 0}
    - target: {fileID: 919132149155446097, guid: 411af224f5f4337459dc6ca5ddb79d12, type: 3}
      propertyPath: m_StaticEditorFlags
      value: 4294967295
      objectReference: {fileID: 0}
    m_RemovedComponents: []
  m_SourcePrefab: {fileID: 100100000, guid: 411af224f5f4337459dc6ca5ddb79d12, type: 3}
--- !u!4 &1943444049081910159 stripped
Transform:
  m_CorrespondingSourceObject: {fileID: -8679921383154817045, guid: 411af224f5f4337459dc6ca5ddb79d12, type: 3}
  m_PrefabInstance: {fileID: 2121821517525460068}
  m_PrefabAsset: {fileID: 0}
--- !u!1001 &2121821517685010029
PrefabInstance:
  m_ObjectHideFlags: 0
  serializedVersion: 2
  m_Modification:
    m_TransformParent: {fileID: 2121821517138470162}
    m_Modifications:
    - target: {fileID: -8679921383154817045, guid: 411af224f5f4337459dc6ca5ddb79d12, type: 3}
      propertyPath: m_RootOrder
      value: 3
      objectReference: {fileID: 0}
    - target: {fileID: -8679921383154817045, guid: 411af224f5f4337459dc6ca5ddb79d12, type: 3}
      propertyPath: m_LocalScale.x
      value: 0.27612
      objectReference: {fileID: 0}
    - target: {fileID: -8679921383154817045, guid: 411af224f5f4337459dc6ca5ddb79d12, type: 3}
      propertyPath: m_LocalScale.y
      value: 1.0753345
      objectReference: {fileID: 0}
    - target: {fileID: -8679921383154817045, guid: 411af224f5f4337459dc6ca5ddb79d12, type: 3}
      propertyPath: m_LocalPosition.x
      value: 0.010999978
      objectReference: {fileID: 0}
    - target: {fileID: -8679921383154817045, guid: 411af224f5f4337459dc6ca5ddb79d12, type: 3}
      propertyPath: m_LocalPosition.y
      value: 0.595
      objectReference: {fileID: 0}
    - target: {fileID: -8679921383154817045, guid: 411af224f5f4337459dc6ca5ddb79d12, type: 3}
      propertyPath: m_LocalPosition.z
      value: 0.979
      objectReference: {fileID: 0}
    - target: {fileID: -8679921383154817045, guid: 411af224f5f4337459dc6ca5ddb79d12, type: 3}
      propertyPath: m_LocalRotation.w
      value: 0.49999997
      objectReference: {fileID: 0}
    - target: {fileID: -8679921383154817045, guid: 411af224f5f4337459dc6ca5ddb79d12, type: 3}
      propertyPath: m_LocalRotation.x
      value: -0.49999997
      objectReference: {fileID: 0}
    - target: {fileID: -8679921383154817045, guid: 411af224f5f4337459dc6ca5ddb79d12, type: 3}
      propertyPath: m_LocalRotation.y
      value: -0.5000001
      objectReference: {fileID: 0}
    - target: {fileID: -8679921383154817045, guid: 411af224f5f4337459dc6ca5ddb79d12, type: 3}
      propertyPath: m_LocalRotation.z
      value: 0.50000006
      objectReference: {fileID: 0}
    - target: {fileID: -8679921383154817045, guid: 411af224f5f4337459dc6ca5ddb79d12, type: 3}
      propertyPath: m_LocalEulerAnglesHint.x
      value: 0
      objectReference: {fileID: 0}
    - target: {fileID: -8679921383154817045, guid: 411af224f5f4337459dc6ca5ddb79d12, type: 3}
      propertyPath: m_LocalEulerAnglesHint.y
      value: -90
      objectReference: {fileID: 0}
    - target: {fileID: -8679921383154817045, guid: 411af224f5f4337459dc6ca5ddb79d12, type: 3}
      propertyPath: m_LocalEulerAnglesHint.z
      value: 90
      objectReference: {fileID: 0}
    - target: {fileID: -7511558181221131132, guid: 411af224f5f4337459dc6ca5ddb79d12, type: 3}
      propertyPath: m_ScaleInLightmap
      value: 0.02
      objectReference: {fileID: 0}
    - target: {fileID: 919132149155446097, guid: 411af224f5f4337459dc6ca5ddb79d12, type: 3}
      propertyPath: m_Name
      value: SteelPlank_2 (1)
      objectReference: {fileID: 0}
    - target: {fileID: 919132149155446097, guid: 411af224f5f4337459dc6ca5ddb79d12, type: 3}
      propertyPath: m_StaticEditorFlags
      value: 4294967295
      objectReference: {fileID: 0}
    m_RemovedComponents: []
  m_SourcePrefab: {fileID: 100100000, guid: 411af224f5f4337459dc6ca5ddb79d12, type: 3}
--- !u!4 &1943444048922036614 stripped
Transform:
  m_CorrespondingSourceObject: {fileID: -8679921383154817045, guid: 411af224f5f4337459dc6ca5ddb79d12, type: 3}
  m_PrefabInstance: {fileID: 2121821517685010029}
  m_PrefabAsset: {fileID: 0}
--- !u!1001 &2121821517766136894
PrefabInstance:
  m_ObjectHideFlags: 0
  serializedVersion: 2
  m_Modification:
    m_TransformParent: {fileID: 2121821517138470162}
    m_Modifications:
    - target: {fileID: 6419194886954659792, guid: 6373a025692423a418168adfd46b40ff, type: 3}
      propertyPath: m_RootOrder
      value: 15
      objectReference: {fileID: 0}
    - target: {fileID: 6419194886954659792, guid: 6373a025692423a418168adfd46b40ff, type: 3}
      propertyPath: m_LocalPosition.x
      value: -0.768
      objectReference: {fileID: 0}
    - target: {fileID: 6419194886954659792, guid: 6373a025692423a418168adfd46b40ff, type: 3}
      propertyPath: m_LocalPosition.y
      value: 0.303
      objectReference: {fileID: 0}
    - target: {fileID: 6419194886954659792, guid: 6373a025692423a418168adfd46b40ff, type: 3}
      propertyPath: m_LocalPosition.z
      value: 0.7676
      objectReference: {fileID: 0}
    - target: {fileID: 6419194886954659792, guid: 6373a025692423a418168adfd46b40ff, type: 3}
      propertyPath: m_LocalRotation.w
      value: 1
      objectReference: {fileID: 0}
    - target: {fileID: 6419194886954659792, guid: 6373a025692423a418168adfd46b40ff, type: 3}
      propertyPath: m_LocalRotation.x
      value: -0
      objectReference: {fileID: 0}
    - target: {fileID: 6419194886954659792, guid: 6373a025692423a418168adfd46b40ff, type: 3}
      propertyPath: m_LocalRotation.y
      value: -0
      objectReference: {fileID: 0}
    - target: {fileID: 6419194886954659792, guid: 6373a025692423a418168adfd46b40ff, type: 3}
      propertyPath: m_LocalRotation.z
      value: -0
      objectReference: {fileID: 0}
    - target: {fileID: 6419194886954659792, guid: 6373a025692423a418168adfd46b40ff, type: 3}
      propertyPath: m_LocalEulerAnglesHint.x
      value: 0
      objectReference: {fileID: 0}
    - target: {fileID: 6419194886954659792, guid: 6373a025692423a418168adfd46b40ff, type: 3}
      propertyPath: m_LocalEulerAnglesHint.y
      value: 0
      objectReference: {fileID: 0}
    - target: {fileID: 6419194886954659792, guid: 6373a025692423a418168adfd46b40ff, type: 3}
      propertyPath: m_LocalEulerAnglesHint.z
      value: 0
      objectReference: {fileID: 0}
    - target: {fileID: 8929784187860948689, guid: 6373a025692423a418168adfd46b40ff, type: 3}
      propertyPath: m_Name
      value: WoodenDrawer (1)
      objectReference: {fileID: 0}
    m_RemovedComponents: []
  m_SourcePrefab: {fileID: 100100000, guid: 6373a025692423a418168adfd46b40ff, type: 3}
--- !u!4 &4929109325807664110 stripped
Transform:
  m_CorrespondingSourceObject: {fileID: 6419194886954659792, guid: 6373a025692423a418168adfd46b40ff, type: 3}
  m_PrefabInstance: {fileID: 2121821517766136894}
  m_PrefabAsset: {fileID: 0}
--- !u!1001 &2121821517891811160
PrefabInstance:
  m_ObjectHideFlags: 0
  serializedVersion: 2
  m_Modification:
    m_TransformParent: {fileID: 2121821517138470162}
    m_Modifications:
    - target: {fileID: -8679921383154817045, guid: 411af224f5f4337459dc6ca5ddb79d12, type: 3}
      propertyPath: m_RootOrder
      value: 11
      objectReference: {fileID: 0}
    - target: {fileID: -8679921383154817045, guid: 411af224f5f4337459dc6ca5ddb79d12, type: 3}
      propertyPath: m_LocalScale.x
      value: 0.64554554
      objectReference: {fileID: 0}
    - target: {fileID: -8679921383154817045, guid: 411af224f5f4337459dc6ca5ddb79d12, type: 3}
      propertyPath: m_LocalScale.y
      value: 0.3431678
      objectReference: {fileID: 0}
    - target: {fileID: -8679921383154817045, guid: 411af224f5f4337459dc6ca5ddb79d12, type: 3}
      propertyPath: m_LocalScale.z
      value: 0.80406
      objectReference: {fileID: 0}
    - target: {fileID: -8679921383154817045, guid: 411af224f5f4337459dc6ca5ddb79d12, type: 3}
      propertyPath: m_LocalPosition.x
      value: -0.546
      objectReference: {fileID: 0}
    - target: {fileID: -8679921383154817045, guid: 411af224f5f4337459dc6ca5ddb79d12, type: 3}
      propertyPath: m_LocalPosition.y
      value: 0
      objectReference: {fileID: 0}
    - target: {fileID: -8679921383154817045, guid: 411af224f5f4337459dc6ca5ddb79d12, type: 3}
      propertyPath: m_LocalPosition.z
      value: 0.985
      objectReference: {fileID: 0}
    - target: {fileID: -8679921383154817045, guid: 411af224f5f4337459dc6ca5ddb79d12, type: 3}
      propertyPath: m_LocalRotation.w
      value: 0.00000026822087
      objectReference: {fileID: 0}
    - target: {fileID: -8679921383154817045, guid: 411af224f5f4337459dc6ca5ddb79d12, type: 3}
      propertyPath: m_LocalRotation.x
      value: 5.2226056e-14
      objectReference: {fileID: 0}
    - target: {fileID: -8679921383154817045, guid: 411af224f5f4337459dc6ca5ddb79d12, type: 3}
      propertyPath: m_LocalRotation.y
      value: 1
      objectReference: {fileID: 0}
    - target: {fileID: -8679921383154817045, guid: 411af224f5f4337459dc6ca5ddb79d12, type: 3}
      propertyPath: m_LocalRotation.z
      value: 0.00000020861621
      objectReference: {fileID: 0}
    - target: {fileID: -8679921383154817045, guid: 411af224f5f4337459dc6ca5ddb79d12, type: 3}
      propertyPath: m_LocalEulerAnglesHint.x
      value: 0
      objectReference: {fileID: 0}
    - target: {fileID: -8679921383154817045, guid: 411af224f5f4337459dc6ca5ddb79d12, type: 3}
      propertyPath: m_LocalEulerAnglesHint.y
      value: 180
      objectReference: {fileID: 0}
    - target: {fileID: -8679921383154817045, guid: 411af224f5f4337459dc6ca5ddb79d12, type: 3}
      propertyPath: m_LocalEulerAnglesHint.z
      value: 0
      objectReference: {fileID: 0}
    - target: {fileID: 919132149155446097, guid: 411af224f5f4337459dc6ca5ddb79d12, type: 3}
      propertyPath: m_Name
      value: SteelPlank_2 (5)
      objectReference: {fileID: 0}
    - target: {fileID: 919132149155446097, guid: 411af224f5f4337459dc6ca5ddb79d12, type: 3}
      propertyPath: m_StaticEditorFlags
      value: 4294967295
      objectReference: {fileID: 0}
    m_RemovedComponents: []
  m_SourcePrefab: {fileID: 100100000, guid: 411af224f5f4337459dc6ca5ddb79d12, type: 3}
--- !u!4 &1943444048706916531 stripped
Transform:
  m_CorrespondingSourceObject: {fileID: -8679921383154817045, guid: 411af224f5f4337459dc6ca5ddb79d12, type: 3}
  m_PrefabInstance: {fileID: 2121821517891811160}
  m_PrefabAsset: {fileID: 0}
--- !u!1001 &2121821518314625488
PrefabInstance:
  m_ObjectHideFlags: 0
  serializedVersion: 2
  m_Modification:
    m_TransformParent: {fileID: 2121821517138470162}
    m_Modifications:
    - target: {fileID: -8679921383154817045, guid: 411af224f5f4337459dc6ca5ddb79d12, type: 3}
      propertyPath: m_RootOrder
      value: 4
      objectReference: {fileID: 0}
    - target: {fileID: -8679921383154817045, guid: 411af224f5f4337459dc6ca5ddb79d12, type: 3}
      propertyPath: m_LocalScale.x
      value: 0.59070355
      objectReference: {fileID: 0}
    - target: {fileID: -8679921383154817045, guid: 411af224f5f4337459dc6ca5ddb79d12, type: 3}
      propertyPath: m_LocalScale.y
      value: 1.0753345
      objectReference: {fileID: 0}
    - target: {fileID: -8679921383154817045, guid: 411af224f5f4337459dc6ca5ddb79d12, type: 3}
      propertyPath: m_LocalPosition.x
      value: 0.010999978
      objectReference: {fileID: 0}
    - target: {fileID: -8679921383154817045, guid: 411af224f5f4337459dc6ca5ddb79d12, type: 3}
      propertyPath: m_LocalPosition.y
      value: 0.801
      objectReference: {fileID: 0}
    - target: {fileID: -8679921383154817045, guid: 411af224f5f4337459dc6ca5ddb79d12, type: 3}
      propertyPath: m_LocalPosition.z
      value: 0.979
      objectReference: {fileID: 0}
    - target: {fileID: -8679921383154817045, guid: 411af224f5f4337459dc6ca5ddb79d12, type: 3}
      propertyPath: m_LocalRotation.w
      value: 0.49999997
      objectReference: {fileID: 0}
    - target: {fileID: -8679921383154817045, guid: 411af224f5f4337459dc6ca5ddb79d12, type: 3}
      propertyPath: m_LocalRotation.x
      value: -0.49999997
      objectReference: {fileID: 0}
    - target: {fileID: -8679921383154817045, guid: 411af224f5f4337459dc6ca5ddb79d12, type: 3}
      propertyPath: m_LocalRotation.y
      value: -0.5000001
      objectReference: {fileID: 0}
    - target: {fileID: -8679921383154817045, guid: 411af224f5f4337459dc6ca5ddb79d12, type: 3}
      propertyPath: m_LocalRotation.z
      value: 0.50000006
      objectReference: {fileID: 0}
    - target: {fileID: -8679921383154817045, guid: 411af224f5f4337459dc6ca5ddb79d12, type: 3}
      propertyPath: m_LocalEulerAnglesHint.x
      value: 0
      objectReference: {fileID: 0}
    - target: {fileID: -8679921383154817045, guid: 411af224f5f4337459dc6ca5ddb79d12, type: 3}
      propertyPath: m_LocalEulerAnglesHint.y
      value: -90
      objectReference: {fileID: 0}
    - target: {fileID: -8679921383154817045, guid: 411af224f5f4337459dc6ca5ddb79d12, type: 3}
      propertyPath: m_LocalEulerAnglesHint.z
      value: 90
      objectReference: {fileID: 0}
    - target: {fileID: -7511558181221131132, guid: 411af224f5f4337459dc6ca5ddb79d12, type: 3}
      propertyPath: m_ScaleInLightmap
      value: 0.05
      objectReference: {fileID: 0}
    - target: {fileID: 919132149155446097, guid: 411af224f5f4337459dc6ca5ddb79d12, type: 3}
      propertyPath: m_Name
      value: SteelPlank_2 (2)
      objectReference: {fileID: 0}
    - target: {fileID: 919132149155446097, guid: 411af224f5f4337459dc6ca5ddb79d12, type: 3}
      propertyPath: m_StaticEditorFlags
      value: 4294967295
      objectReference: {fileID: 0}
    m_RemovedComponents: []
  m_SourcePrefab: {fileID: 100100000, guid: 411af224f5f4337459dc6ca5ddb79d12, type: 3}
--- !u!4 &1943444048325983803 stripped
Transform:
  m_CorrespondingSourceObject: {fileID: -8679921383154817045, guid: 411af224f5f4337459dc6ca5ddb79d12, type: 3}
  m_PrefabInstance: {fileID: 2121821518314625488}
  m_PrefabAsset: {fileID: 0}
--- !u!1001 &2121821518421186695
PrefabInstance:
  m_ObjectHideFlags: 0
  serializedVersion: 2
  m_Modification:
    m_TransformParent: {fileID: 2121821517138470162}
    m_Modifications:
    - target: {fileID: -8679921383154817045, guid: 41a51eea7dbda994b86aeb94f76b5b99, type: 3}
      propertyPath: m_RootOrder
      value: 10
      objectReference: {fileID: 0}
    - target: {fileID: -8679921383154817045, guid: 41a51eea7dbda994b86aeb94f76b5b99, type: 3}
      propertyPath: m_LocalScale.z
      value: 0.66495997
      objectReference: {fileID: 0}
    - target: {fileID: -8679921383154817045, guid: 41a51eea7dbda994b86aeb94f76b5b99, type: 3}
      propertyPath: m_LocalPosition.x
      value: -0.8180001
      objectReference: {fileID: 0}
    - target: {fileID: -8679921383154817045, guid: 41a51eea7dbda994b86aeb94f76b5b99, type: 3}
      propertyPath: m_LocalPosition.y
      value: 0
      objectReference: {fileID: 0}
    - target: {fileID: -8679921383154817045, guid: 41a51eea7dbda994b86aeb94f76b5b99, type: 3}
      propertyPath: m_LocalPosition.z
      value: -0.944
      objectReference: {fileID: 0}
    - target: {fileID: -8679921383154817045, guid: 41a51eea7dbda994b86aeb94f76b5b99, type: 3}
      propertyPath: m_LocalRotation.w
      value: 0.7071067
      objectReference: {fileID: 0}
    - target: {fileID: -8679921383154817045, guid: 41a51eea7dbda994b86aeb94f76b5b99, type: 3}
      propertyPath: m_LocalRotation.x
      value: -0.7071068
      objectReference: {fileID: 0}
    - target: {fileID: -8679921383154817045, guid: 41a51eea7dbda994b86aeb94f76b5b99, type: 3}
      propertyPath: m_LocalRotation.y
      value: -0
      objectReference: {fileID: 0}
    - target: {fileID: -8679921383154817045, guid: 41a51eea7dbda994b86aeb94f76b5b99, type: 3}
      propertyPath: m_LocalRotation.z
      value: -0
      objectReference: {fileID: 0}
    - target: {fileID: -8679921383154817045, guid: 41a51eea7dbda994b86aeb94f76b5b99, type: 3}
      propertyPath: m_LocalEulerAnglesHint.x
      value: 0
      objectReference: {fileID: 0}
    - target: {fileID: -8679921383154817045, guid: 41a51eea7dbda994b86aeb94f76b5b99, type: 3}
      propertyPath: m_LocalEulerAnglesHint.y
      value: 0
      objectReference: {fileID: 0}
    - target: {fileID: -8679921383154817045, guid: 41a51eea7dbda994b86aeb94f76b5b99, type: 3}
      propertyPath: m_LocalEulerAnglesHint.z
      value: 0
      objectReference: {fileID: 0}
    - target: {fileID: -7511558181221131132, guid: 41a51eea7dbda994b86aeb94f76b5b99, type: 3}
      propertyPath: m_ScaleInLightmap
      value: 0.01
      objectReference: {fileID: 0}
    - target: {fileID: 919132149155446097, guid: 41a51eea7dbda994b86aeb94f76b5b99, type: 3}
      propertyPath: m_Name
      value: Steel_Beams (2)
      objectReference: {fileID: 0}
    - target: {fileID: 919132149155446097, guid: 41a51eea7dbda994b86aeb94f76b5b99, type: 3}
      propertyPath: m_StaticEditorFlags
      value: 4294967295
      objectReference: {fileID: 0}
    m_RemovedComponents: []
  m_SourcePrefab: {fileID: 100100000, guid: 41a51eea7dbda994b86aeb94f76b5b99, type: 3}
--- !u!4 &1943444048186130284 stripped
Transform:
  m_CorrespondingSourceObject: {fileID: -8679921383154817045, guid: 41a51eea7dbda994b86aeb94f76b5b99, type: 3}
  m_PrefabInstance: {fileID: 2121821518421186695}
  m_PrefabAsset: {fileID: 0}
--- !u!1001 &2121821518612345185
PrefabInstance:
  m_ObjectHideFlags: 0
  serializedVersion: 2
  m_Modification:
    m_TransformParent: {fileID: 2121821517138470162}
    m_Modifications:
    - target: {fileID: -8679921383154817045, guid: 41a51eea7dbda994b86aeb94f76b5b99, type: 3}
      propertyPath: m_RootOrder
      value: 9
      objectReference: {fileID: 0}
    - target: {fileID: -8679921383154817045, guid: 41a51eea7dbda994b86aeb94f76b5b99, type: 3}
      propertyPath: m_LocalScale.z
      value: 0.66495997
      objectReference: {fileID: 0}
    - target: {fileID: -8679921383154817045, guid: 41a51eea7dbda994b86aeb94f76b5b99, type: 3}
      propertyPath: m_LocalPosition.x
      value: -0.8180001
      objectReference: {fileID: 0}
    - target: {fileID: -8679921383154817045, guid: 41a51eea7dbda994b86aeb94f76b5b99, type: 3}
      propertyPath: m_LocalPosition.y
      value: 0
      objectReference: {fileID: 0}
    - target: {fileID: -8679921383154817045, guid: 41a51eea7dbda994b86aeb94f76b5b99, type: 3}
      propertyPath: m_LocalPosition.z
      value: 0.992
      objectReference: {fileID: 0}
    - target: {fileID: -8679921383154817045, guid: 41a51eea7dbda994b86aeb94f76b5b99, type: 3}
      propertyPath: m_LocalRotation.w
      value: 0.7071067
      objectReference: {fileID: 0}
    - target: {fileID: -8679921383154817045, guid: 41a51eea7dbda994b86aeb94f76b5b99, type: 3}
      propertyPath: m_LocalRotation.x
      value: -0.7071068
      objectReference: {fileID: 0}
    - target: {fileID: -8679921383154817045, guid: 41a51eea7dbda994b86aeb94f76b5b99, type: 3}
      propertyPath: m_LocalRotation.y
      value: -0
      objectReference: {fileID: 0}
    - target: {fileID: -8679921383154817045, guid: 41a51eea7dbda994b86aeb94f76b5b99, type: 3}
      propertyPath: m_LocalRotation.z
      value: -0
      objectReference: {fileID: 0}
    - target: {fileID: -8679921383154817045, guid: 41a51eea7dbda994b86aeb94f76b5b99, type: 3}
      propertyPath: m_LocalEulerAnglesHint.x
      value: 0
      objectReference: {fileID: 0}
    - target: {fileID: -8679921383154817045, guid: 41a51eea7dbda994b86aeb94f76b5b99, type: 3}
      propertyPath: m_LocalEulerAnglesHint.y
      value: 0
      objectReference: {fileID: 0}
    - target: {fileID: -8679921383154817045, guid: 41a51eea7dbda994b86aeb94f76b5b99, type: 3}
      propertyPath: m_LocalEulerAnglesHint.z
      value: 0
      objectReference: {fileID: 0}
    - target: {fileID: -7511558181221131132, guid: 41a51eea7dbda994b86aeb94f76b5b99, type: 3}
      propertyPath: m_ScaleInLightmap
      value: 0.01
      objectReference: {fileID: 0}
    - target: {fileID: 919132149155446097, guid: 41a51eea7dbda994b86aeb94f76b5b99, type: 3}
      propertyPath: m_Name
      value: Steel_Beams (1)
      objectReference: {fileID: 0}
    - target: {fileID: 919132149155446097, guid: 41a51eea7dbda994b86aeb94f76b5b99, type: 3}
      propertyPath: m_StaticEditorFlags
      value: 4294967295
      objectReference: {fileID: 0}
    m_RemovedComponents: []
  m_SourcePrefab: {fileID: 100100000, guid: 41a51eea7dbda994b86aeb94f76b5b99, type: 3}
--- !u!4 &1943444048020133514 stripped
Transform:
  m_CorrespondingSourceObject: {fileID: -8679921383154817045, guid: 41a51eea7dbda994b86aeb94f76b5b99, type: 3}
  m_PrefabInstance: {fileID: 2121821518612345185}
  m_PrefabAsset: {fileID: 0}
--- !u!1001 &2121821518723261719
PrefabInstance:
  m_ObjectHideFlags: 0
  serializedVersion: 2
  m_Modification:
    m_TransformParent: {fileID: 2121821517138470162}
    m_Modifications:
    - target: {fileID: -8679921383154817045, guid: 810f7b14c83a19e4c8b909a890a0cac0, type: 3}
      propertyPath: m_RootOrder
      value: 0
      objectReference: {fileID: 0}
    - target: {fileID: -8679921383154817045, guid: 810f7b14c83a19e4c8b909a890a0cac0, type: 3}
      propertyPath: m_LocalScale.x
      value: 0.8673104
      objectReference: {fileID: 0}
    - target: {fileID: -8679921383154817045, guid: 810f7b14c83a19e4c8b909a890a0cac0, type: 3}
      propertyPath: m_LocalScale.y
      value: 1.0211998
      objectReference: {fileID: 0}
    - target: {fileID: -8679921383154817045, guid: 810f7b14c83a19e4c8b909a890a0cac0, type: 3}
      propertyPath: m_LocalPosition.x
      value: -0.27200004
      objectReference: {fileID: 0}
    - target: {fileID: -8679921383154817045, guid: 810f7b14c83a19e4c8b909a890a0cac0, type: 3}
      propertyPath: m_LocalPosition.y
      value: 1.038
      objectReference: {fileID: 0}
    - target: {fileID: -8679921383154817045, guid: 810f7b14c83a19e4c8b909a890a0cac0, type: 3}
      propertyPath: m_LocalPosition.z
      value: 0
      objectReference: {fileID: 0}
    - target: {fileID: -8679921383154817045, guid: 810f7b14c83a19e4c8b909a890a0cac0, type: 3}
      propertyPath: m_LocalRotation.w
      value: 0.7071067
      objectReference: {fileID: 0}
    - target: {fileID: -8679921383154817045, guid: 810f7b14c83a19e4c8b909a890a0cac0, type: 3}
      propertyPath: m_LocalRotation.x
      value: -0.7071068
      objectReference: {fileID: 0}
    - target: {fileID: -8679921383154817045, guid: 810f7b14c83a19e4c8b909a890a0cac0, type: 3}
      propertyPath: m_LocalRotation.y
      value: -0
      objectReference: {fileID: 0}
    - target: {fileID: -8679921383154817045, guid: 810f7b14c83a19e4c8b909a890a0cac0, type: 3}
      propertyPath: m_LocalRotation.z
      value: -0
      objectReference: {fileID: 0}
    - target: {fileID: -8679921383154817045, guid: 810f7b14c83a19e4c8b909a890a0cac0, type: 3}
      propertyPath: m_LocalEulerAnglesHint.x
      value: 0
      objectReference: {fileID: 0}
    - target: {fileID: -8679921383154817045, guid: 810f7b14c83a19e4c8b909a890a0cac0, type: 3}
      propertyPath: m_LocalEulerAnglesHint.y
      value: 0
      objectReference: {fileID: 0}
    - target: {fileID: -8679921383154817045, guid: 810f7b14c83a19e4c8b909a890a0cac0, type: 3}
      propertyPath: m_LocalEulerAnglesHint.z
      value: 0
      objectReference: {fileID: 0}
    - target: {fileID: -7511558181221131132, guid: 810f7b14c83a19e4c8b909a890a0cac0, type: 3}
      propertyPath: m_ScaleInLightmap
      value: 0.07
      objectReference: {fileID: 0}
    - target: {fileID: 919132149155446097, guid: 810f7b14c83a19e4c8b909a890a0cac0, type: 3}
      propertyPath: m_Name
      value: WoodPlank_1
      objectReference: {fileID: 0}
    - target: {fileID: 919132149155446097, guid: 810f7b14c83a19e4c8b909a890a0cac0, type: 3}
      propertyPath: m_StaticEditorFlags
      value: 4294967295
      objectReference: {fileID: 0}
    m_RemovedComponents: []
  m_SourcePrefab: {fileID: 100100000, guid: 810f7b14c83a19e4c8b909a890a0cac0, type: 3}
--- !u!4 &1943444047884108540 stripped
Transform:
  m_CorrespondingSourceObject: {fileID: -8679921383154817045, guid: 810f7b14c83a19e4c8b909a890a0cac0, type: 3}
  m_PrefabInstance: {fileID: 2121821518723261719}
  m_PrefabAsset: {fileID: 0}
--- !u!1001 &2121821518917138698
PrefabInstance:
  m_ObjectHideFlags: 0
  serializedVersion: 2
  m_Modification:
    m_TransformParent: {fileID: 2121821517138470162}
    m_Modifications:
    - target: {fileID: -8679921383154817045, guid: 810f7b14c83a19e4c8b909a890a0cac0, type: 3}
      propertyPath: m_RootOrder
      value: 1
      objectReference: {fileID: 0}
    - target: {fileID: -8679921383154817045, guid: 810f7b14c83a19e4c8b909a890a0cac0, type: 3}
      propertyPath: m_LocalScale.x
      value: 1.2288156
      objectReference: {fileID: 0}
    - target: {fileID: -8679921383154817045, guid: 810f7b14c83a19e4c8b909a890a0cac0, type: 3}
      propertyPath: m_LocalScale.y
      value: 0.97862
      objectReference: {fileID: 0}
    - target: {fileID: -8679921383154817045, guid: 810f7b14c83a19e4c8b909a890a0cac0, type: 3}
      propertyPath: m_LocalPosition.x
      value: -0.07500002
      objectReference: {fileID: 0}
    - target: {fileID: -8679921383154817045, guid: 810f7b14c83a19e4c8b909a890a0cac0, type: 3}
      propertyPath: m_LocalPosition.y
      value: 0.6
      objectReference: {fileID: 0}
    - target: {fileID: -8679921383154817045, guid: 810f7b14c83a19e4c8b909a890a0cac0, type: 3}
      propertyPath: m_LocalPosition.z
      value: 0
      objectReference: {fileID: 0}
    - target: {fileID: -8679921383154817045, guid: 810f7b14c83a19e4c8b909a890a0cac0, type: 3}
      propertyPath: m_LocalRotation.w
      value: 0.4999998
      objectReference: {fileID: 0}
    - target: {fileID: -8679921383154817045, guid: 810f7b14c83a19e4c8b909a890a0cac0, type: 3}
      propertyPath: m_LocalRotation.x
      value: -0.49999988
      objectReference: {fileID: 0}
    - target: {fileID: -8679921383154817045, guid: 810f7b14c83a19e4c8b909a890a0cac0, type: 3}
      propertyPath: m_LocalRotation.y
      value: 0.5000001
      objectReference: {fileID: 0}
    - target: {fileID: -8679921383154817045, guid: 810f7b14c83a19e4c8b909a890a0cac0, type: 3}
      propertyPath: m_LocalRotation.z
      value: -0.5000002
      objectReference: {fileID: 0}
    - target: {fileID: -8679921383154817045, guid: 810f7b14c83a19e4c8b909a890a0cac0, type: 3}
      propertyPath: m_LocalEulerAnglesHint.x
      value: 0
      objectReference: {fileID: 0}
    - target: {fileID: -8679921383154817045, guid: 810f7b14c83a19e4c8b909a890a0cac0, type: 3}
      propertyPath: m_LocalEulerAnglesHint.y
      value: 90
      objectReference: {fileID: 0}
    - target: {fileID: -8679921383154817045, guid: 810f7b14c83a19e4c8b909a890a0cac0, type: 3}
      propertyPath: m_LocalEulerAnglesHint.z
      value: -90
      objectReference: {fileID: 0}
    - target: {fileID: -7511558181221131132, guid: 810f7b14c83a19e4c8b909a890a0cac0, type: 3}
      propertyPath: m_ScaleInLightmap
      value: 0.07
      objectReference: {fileID: 0}
    - target: {fileID: 919132149155446097, guid: 810f7b14c83a19e4c8b909a890a0cac0, type: 3}
      propertyPath: m_Name
      value: WoodPlank_1 (1)
      objectReference: {fileID: 0}
    - target: {fileID: 919132149155446097, guid: 810f7b14c83a19e4c8b909a890a0cac0, type: 3}
      propertyPath: m_StaticEditorFlags
      value: 4294967295
      objectReference: {fileID: 0}
    m_RemovedComponents: []
  m_SourcePrefab: {fileID: 100100000, guid: 810f7b14c83a19e4c8b909a890a0cac0, type: 3}
--- !u!4 &1943444047723536097 stripped
Transform:
  m_CorrespondingSourceObject: {fileID: -8679921383154817045, guid: 810f7b14c83a19e4c8b909a890a0cac0, type: 3}
  m_PrefabInstance: {fileID: 2121821518917138698}
  m_PrefabAsset: {fileID: 0}
--- !u!1001 &2121821518923180902
PrefabInstance:
  m_ObjectHideFlags: 0
  serializedVersion: 2
  m_Modification:
    m_TransformParent: {fileID: 2121821517138470162}
    m_Modifications:
    - target: {fileID: -8679921383154817045, guid: 411af224f5f4337459dc6ca5ddb79d12, type: 3}
      propertyPath: m_RootOrder
      value: 5
      objectReference: {fileID: 0}
    - target: {fileID: -8679921383154817045, guid: 411af224f5f4337459dc6ca5ddb79d12, type: 3}
      propertyPath: m_LocalScale.x
      value: 1.3856775
      objectReference: {fileID: 0}
    - target: {fileID: -8679921383154817045, guid: 411af224f5f4337459dc6ca5ddb79d12, type: 3}
      propertyPath: m_LocalScale.y
      value: 0.599493
      objectReference: {fileID: 0}
    - target: {fileID: -8679921383154817045, guid: 411af224f5f4337459dc6ca5ddb79d12, type: 3}
      propertyPath: m_LocalPosition.x
      value: 0.001
      objectReference: {fileID: 0}
    - target: {fileID: -8679921383154817045, guid: 411af224f5f4337459dc6ca5ddb79d12, type: 3}
      propertyPath: m_LocalPosition.y
      value: 0
      objectReference: {fileID: 0}
    - target: {fileID: -8679921383154817045, guid: 411af224f5f4337459dc6ca5ddb79d12, type: 3}
      propertyPath: m_LocalPosition.z
      value: 1
      objectReference: {fileID: 0}
    - target: {fileID: -8679921383154817045, guid: 411af224f5f4337459dc6ca5ddb79d12, type: 3}
      propertyPath: m_LocalRotation.w
      value: 0.00000026822087
      objectReference: {fileID: 0}
    - target: {fileID: -8679921383154817045, guid: 411af224f5f4337459dc6ca5ddb79d12, type: 3}
      propertyPath: m_LocalRotation.x
      value: 5.2226056e-14
      objectReference: {fileID: 0}
    - target: {fileID: -8679921383154817045, guid: 411af224f5f4337459dc6ca5ddb79d12, type: 3}
      propertyPath: m_LocalRotation.y
      value: 1
      objectReference: {fileID: 0}
    - target: {fileID: -8679921383154817045, guid: 411af224f5f4337459dc6ca5ddb79d12, type: 3}
      propertyPath: m_LocalRotation.z
      value: 0.00000020861621
      objectReference: {fileID: 0}
    - target: {fileID: -8679921383154817045, guid: 411af224f5f4337459dc6ca5ddb79d12, type: 3}
      propertyPath: m_LocalEulerAnglesHint.x
      value: 0
      objectReference: {fileID: 0}
    - target: {fileID: -8679921383154817045, guid: 411af224f5f4337459dc6ca5ddb79d12, type: 3}
      propertyPath: m_LocalEulerAnglesHint.y
      value: 180
      objectReference: {fileID: 0}
    - target: {fileID: -8679921383154817045, guid: 411af224f5f4337459dc6ca5ddb79d12, type: 3}
      propertyPath: m_LocalEulerAnglesHint.z
      value: 0
      objectReference: {fileID: 0}
    - target: {fileID: -7511558181221131132, guid: 411af224f5f4337459dc6ca5ddb79d12, type: 3}
      propertyPath: m_ScaleInLightmap
      value: 0.03
      objectReference: {fileID: 0}
    - target: {fileID: 919132149155446097, guid: 411af224f5f4337459dc6ca5ddb79d12, type: 3}
      propertyPath: m_Name
      value: SteelPlank_2 (3)
      objectReference: {fileID: 0}
    - target: {fileID: 919132149155446097, guid: 411af224f5f4337459dc6ca5ddb79d12, type: 3}
      propertyPath: m_StaticEditorFlags
      value: 4294967295
      objectReference: {fileID: 0}
    m_RemovedComponents: []
  m_SourcePrefab: {fileID: 100100000, guid: 411af224f5f4337459dc6ca5ddb79d12, type: 3}
--- !u!4 &1943444047675739277 stripped
Transform:
  m_CorrespondingSourceObject: {fileID: -8679921383154817045, guid: 411af224f5f4337459dc6ca5ddb79d12, type: 3}
  m_PrefabInstance: {fileID: 2121821518923180902}
  m_PrefabAsset: {fileID: 0}
--- !u!1001 &2121821518957353418
PrefabInstance:
  m_ObjectHideFlags: 0
  serializedVersion: 2
  m_Modification:
    m_TransformParent: {fileID: 2121821517138470162}
    m_Modifications:
    - target: {fileID: -8679921383154817045, guid: fef6ec0a3444aea46a4e14b1a6e6b0f3, type: 3}
      propertyPath: m_RootOrder
      value: 13
      objectReference: {fileID: 0}
    - target: {fileID: -8679921383154817045, guid: fef6ec0a3444aea46a4e14b1a6e6b0f3, type: 3}
      propertyPath: m_LocalScale.x
      value: 0.29175952
      objectReference: {fileID: 0}
    - target: {fileID: -8679921383154817045, guid: fef6ec0a3444aea46a4e14b1a6e6b0f3, type: 3}
      propertyPath: m_LocalScale.y
      value: 0.29175952
      objectReference: {fileID: 0}
    - target: {fileID: -8679921383154817045, guid: fef6ec0a3444aea46a4e14b1a6e6b0f3, type: 3}
      propertyPath: m_LocalScale.z
      value: 0.29175952
      objectReference: {fileID: 0}
    - target: {fileID: -8679921383154817045, guid: fef6ec0a3444aea46a4e14b1a6e6b0f3, type: 3}
      propertyPath: m_LocalPosition.x
      value: -0.285
      objectReference: {fileID: 0}
    - target: {fileID: -8679921383154817045, guid: fef6ec0a3444aea46a4e14b1a6e6b0f3, type: 3}
      propertyPath: m_LocalPosition.y
      value: 0.305
      objectReference: {fileID: 0}
    - target: {fileID: -8679921383154817045, guid: fef6ec0a3444aea46a4e14b1a6e6b0f3, type: 3}
      propertyPath: m_LocalPosition.z
      value: 0.588
      objectReference: {fileID: 0}
    - target: {fileID: -8679921383154817045, guid: fef6ec0a3444aea46a4e14b1a6e6b0f3, type: 3}
      propertyPath: m_LocalRotation.w
      value: 1
      objectReference: {fileID: 0}
    - target: {fileID: -8679921383154817045, guid: fef6ec0a3444aea46a4e14b1a6e6b0f3, type: 3}
      propertyPath: m_LocalRotation.x
      value: 1.5631939e-13
      objectReference: {fileID: 0}
    - target: {fileID: -8679921383154817045, guid: fef6ec0a3444aea46a4e14b1a6e6b0f3, type: 3}
      propertyPath: m_LocalRotation.y
      value: -0.00000075995905
      objectReference: {fileID: 0}
    - target: {fileID: -8679921383154817045, guid: fef6ec0a3444aea46a4e14b1a6e6b0f3, type: 3}
      propertyPath: m_LocalRotation.z
      value: -0.00000020861607
      objectReference: {fileID: 0}
    - target: {fileID: -8679921383154817045, guid: fef6ec0a3444aea46a4e14b1a6e6b0f3, type: 3}
      propertyPath: m_LocalEulerAnglesHint.x
      value: 0
      objectReference: {fileID: 0}
    - target: {fileID: -8679921383154817045, guid: fef6ec0a3444aea46a4e14b1a6e6b0f3, type: 3}
      propertyPath: m_LocalEulerAnglesHint.y
      value: 0
      objectReference: {fileID: 0}
    - target: {fileID: -8679921383154817045, guid: fef6ec0a3444aea46a4e14b1a6e6b0f3, type: 3}
      propertyPath: m_LocalEulerAnglesHint.z
      value: 0
      objectReference: {fileID: 0}
    - target: {fileID: -7511558181221131132, guid: fef6ec0a3444aea46a4e14b1a6e6b0f3, type: 3}
      propertyPath: m_ScaleInLightmap
      value: 0.02
      objectReference: {fileID: 0}
    - target: {fileID: 919132149155446097, guid: fef6ec0a3444aea46a4e14b1a6e6b0f3, type: 3}
      propertyPath: m_Name
      value: WoodPlank_2 (3)
      objectReference: {fileID: 0}
    - target: {fileID: 919132149155446097, guid: fef6ec0a3444aea46a4e14b1a6e6b0f3, type: 3}
      propertyPath: m_StaticEditorFlags
      value: 4294967295
      objectReference: {fileID: 0}
    m_RemovedComponents: []
  m_SourcePrefab: {fileID: 100100000, guid: fef6ec0a3444aea46a4e14b1a6e6b0f3, type: 3}
--- !u!4 &1943444047641640481 stripped
Transform:
  m_CorrespondingSourceObject: {fileID: -8679921383154817045, guid: fef6ec0a3444aea46a4e14b1a6e6b0f3, type: 3}
  m_PrefabInstance: {fileID: 2121821518957353418}
  m_PrefabAsset: {fileID: 0}
--- !u!1001 &6474158576345517814
PrefabInstance:
  m_ObjectHideFlags: 0
  serializedVersion: 2
  m_Modification:
    m_TransformParent: {fileID: 2121821517138470162}
    m_Modifications:
    - target: {fileID: 6419194886954659792, guid: 6373a025692423a418168adfd46b40ff, type: 3}
      propertyPath: m_RootOrder
      value: 14
      objectReference: {fileID: 0}
    - target: {fileID: 6419194886954659792, guid: 6373a025692423a418168adfd46b40ff, type: 3}
      propertyPath: m_LocalPosition.x
      value: -0.768
      objectReference: {fileID: 0}
    - target: {fileID: 6419194886954659792, guid: 6373a025692423a418168adfd46b40ff, type: 3}
      propertyPath: m_LocalPosition.y
      value: 0.5
      objectReference: {fileID: 0}
    - target: {fileID: 6419194886954659792, guid: 6373a025692423a418168adfd46b40ff, type: 3}
      propertyPath: m_LocalPosition.z
      value: 0.7676
      objectReference: {fileID: 0}
    - target: {fileID: 6419194886954659792, guid: 6373a025692423a418168adfd46b40ff, type: 3}
      propertyPath: m_LocalRotation.w
      value: 1
      objectReference: {fileID: 0}
    - target: {fileID: 6419194886954659792, guid: 6373a025692423a418168adfd46b40ff, type: 3}
      propertyPath: m_LocalRotation.x
      value: -0
      objectReference: {fileID: 0}
    - target: {fileID: 6419194886954659792, guid: 6373a025692423a418168adfd46b40ff, type: 3}
      propertyPath: m_LocalRotation.y
      value: -0
      objectReference: {fileID: 0}
    - target: {fileID: 6419194886954659792, guid: 6373a025692423a418168adfd46b40ff, type: 3}
      propertyPath: m_LocalRotation.z
      value: -0
      objectReference: {fileID: 0}
    - target: {fileID: 6419194886954659792, guid: 6373a025692423a418168adfd46b40ff, type: 3}
      propertyPath: m_LocalEulerAnglesHint.x
      value: 0
      objectReference: {fileID: 0}
    - target: {fileID: 6419194886954659792, guid: 6373a025692423a418168adfd46b40ff, type: 3}
      propertyPath: m_LocalEulerAnglesHint.y
      value: 0
      objectReference: {fileID: 0}
    - target: {fileID: 6419194886954659792, guid: 6373a025692423a418168adfd46b40ff, type: 3}
      propertyPath: m_LocalEulerAnglesHint.z
      value: 0
      objectReference: {fileID: 0}
    - target: {fileID: 8929784187860948689, guid: 6373a025692423a418168adfd46b40ff, type: 3}
      propertyPath: m_Name
      value: WoodenDrawer
      objectReference: {fileID: 0}
    m_RemovedComponents: []
  m_SourcePrefab: {fileID: 100100000, guid: 6373a025692423a418168adfd46b40ff, type: 3}
--- !u!4 &57802774589481254 stripped
Transform:
  m_CorrespondingSourceObject: {fileID: 6419194886954659792, guid: 6373a025692423a418168adfd46b40ff, type: 3}
  m_PrefabInstance: {fileID: 6474158576345517814}
  m_PrefabAsset: {fileID: 0}
