%YAML 1.1
%TAG !u! tag:unity3d.com,2011:
--- !u!1 &4208093863254851759
GameObject:
  m_ObjectHideFlags: 0
  m_CorrespondingSourceObject: {fileID: 0}
  m_PrefabInstance: {fileID: 0}
  m_PrefabAsset: {fileID: 0}
  serializedVersion: 6
  m_Component:
  - component: {fileID: 8949913039237165988}
  m_Layer: 0
  m_Name: Small Table
  m_TagString: Untagged
  m_Icon: {fileID: 0}
  m_NavMeshLayer: 0
  m_StaticEditorFlags: 4294967295
  m_IsActive: 1
--- !u!4 &8949913039237165988
Transform:
  m_ObjectHideFlags: 0
  m_CorrespondingSourceObject: {fileID: 0}
  m_PrefabInstance: {fileID: 0}
  m_PrefabAsset: {fileID: 0}
  m_GameObject: {fileID: 4208093863254851759}
  m_LocalRotation: {x: 0, y: 0, z: 0, w: 1}
  m_LocalPosition: {x: 0, y: 0, z: 0}
  m_LocalScale: {x: 1, y: 1, z: 1}
  m_Children:
  - {fileID: 4929669845159207621}
  - {fileID: 4929669845313899769}
  - {fileID: 8395271675530269686}
  - {fileID: 4057037243857545416}
  - {fileID: 3764084951725470823}
  - {fileID: 8202933967584159961}
  - {fileID: 6487892073198917396}
  - {fileID: 4174218646033217311}
  m_Father: {fileID: 0}
  m_RootOrder: 0
  m_LocalEulerAnglesHint: {x: 0, y: 0, z: 0}
--- !u!1001 &3726181338554831756
PrefabInstance:
  m_ObjectHideFlags: 0
  serializedVersion: 2
  m_Modification:
    m_TransformParent: {fileID: 8949913039237165988}
    m_Modifications:
    - target: {fileID: -8679921383154817045, guid: cb5eecd67df12a142a2a1ef0f76b20d7, type: 3}
      propertyPath: m_RootOrder
      value: 4
      objectReference: {fileID: 0}
    - target: {fileID: -8679921383154817045, guid: cb5eecd67df12a142a2a1ef0f76b20d7, type: 3}
      propertyPath: m_LocalPosition.x
      value: 0.308
      objectReference: {fileID: 0}
    - target: {fileID: -8679921383154817045, guid: cb5eecd67df12a142a2a1ef0f76b20d7, type: 3}
      propertyPath: m_LocalPosition.y
      value: 0
      objectReference: {fileID: 0}
    - target: {fileID: -8679921383154817045, guid: cb5eecd67df12a142a2a1ef0f76b20d7, type: 3}
      propertyPath: m_LocalPosition.z
      value: -0.282
      objectReference: {fileID: 0}
    - target: {fileID: -8679921383154817045, guid: cb5eecd67df12a142a2a1ef0f76b20d7, type: 3}
      propertyPath: m_LocalRotation.w
      value: 0.7071067
      objectReference: {fileID: 0}
    - target: {fileID: -8679921383154817045, guid: cb5eecd67df12a142a2a1ef0f76b20d7, type: 3}
      propertyPath: m_LocalRotation.x
      value: -0.7071068
      objectReference: {fileID: 0}
    - target: {fileID: -8679921383154817045, guid: cb5eecd67df12a142a2a1ef0f76b20d7, type: 3}
      propertyPath: m_LocalRotation.y
      value: 0
      objectReference: {fileID: 0}
    - target: {fileID: -8679921383154817045, guid: cb5eecd67df12a142a2a1ef0f76b20d7, type: 3}
      propertyPath: m_LocalRotation.z
      value: -0
      objectReference: {fileID: 0}
    - target: {fileID: -8679921383154817045, guid: cb5eecd67df12a142a2a1ef0f76b20d7, type: 3}
      propertyPath: m_LocalEulerAnglesHint.x
      value: 0
      objectReference: {fileID: 0}
    - target: {fileID: -8679921383154817045, guid: cb5eecd67df12a142a2a1ef0f76b20d7, type: 3}
      propertyPath: m_LocalEulerAnglesHint.y
      value: 0
      objectReference: {fileID: 0}
    - target: {fileID: -8679921383154817045, guid: cb5eecd67df12a142a2a1ef0f76b20d7, type: 3}
      propertyPath: m_LocalEulerAnglesHint.z
      value: 0
      objectReference: {fileID: 0}
    - target: {fileID: -7511558181221131132, guid: cb5eecd67df12a142a2a1ef0f76b20d7, type: 3}
      propertyPath: m_ScaleInLightmap
      value: 0.03
      objectReference: {fileID: 0}
    - target: {fileID: 919132149155446097, guid: cb5eecd67df12a142a2a1ef0f76b20d7, type: 3}
      propertyPath: m_Name
      value: SteelPlank_Small (2)
      objectReference: {fileID: 0}
    - target: {fileID: 919132149155446097, guid: cb5eecd67df12a142a2a1ef0f76b20d7, type: 3}
      propertyPath: m_StaticEditorFlags
      value: 4294967295
      objectReference: {fileID: 0}
    m_RemovedComponents: []
  m_SourcePrefab: {fileID: 100100000, guid: cb5eecd67df12a142a2a1ef0f76b20d7, type: 3}
--- !u!4 &3764084951725470823 stripped
Transform:
  m_CorrespondingSourceObject: {fileID: -8679921383154817045, guid: cb5eecd67df12a142a2a1ef0f76b20d7, type: 3}
  m_PrefabInstance: {fileID: 3726181338554831756}
  m_PrefabAsset: {fileID: 0}
--- !u!1001 &4496691135516922100
PrefabInstance:
  m_ObjectHideFlags: 0
  serializedVersion: 2
  m_Modification:
    m_TransformParent: {fileID: 8949913039237165988}
    m_Modifications:
    - target: {fileID: -8679921383154817045, guid: cb5eecd67df12a142a2a1ef0f76b20d7, type: 3}
      propertyPath: m_RootOrder
      value: 7
      objectReference: {fileID: 0}
    - target: {fileID: -8679921383154817045, guid: cb5eecd67df12a142a2a1ef0f76b20d7, type: 3}
      propertyPath: m_LocalScale.x
      value: 1.1328
      objectReference: {fileID: 0}
    - target: {fileID: -8679921383154817045, guid: cb5eecd67df12a142a2a1ef0f76b20d7, type: 3}
      propertyPath: m_LocalPosition.x
      value: 1.01
      objectReference: {fileID: 0}
    - target: {fileID: -8679921383154817045, guid: cb5eecd67df12a142a2a1ef0f76b20d7, type: 3}
      propertyPath: m_LocalPosition.y
      value: 0
      objectReference: {fileID: 0}
    - target: {fileID: -8679921383154817045, guid: cb5eecd67df12a142a2a1ef0f76b20d7, type: 3}
      propertyPath: m_LocalPosition.z
      value: -0.001
      objectReference: {fileID: 0}
    - target: {fileID: -8679921383154817045, guid: cb5eecd67df12a142a2a1ef0f76b20d7, type: 3}
      propertyPath: m_LocalRotation.w
      value: 0.5
      objectReference: {fileID: 0}
    - target: {fileID: -8679921383154817045, guid: cb5eecd67df12a142a2a1ef0f76b20d7, type: 3}
      propertyPath: m_LocalRotation.x
      value: -0.5
      objectReference: {fileID: 0}
    - target: {fileID: -8679921383154817045, guid: cb5eecd67df12a142a2a1ef0f76b20d7, type: 3}
      propertyPath: m_LocalRotation.y
      value: 0.5
      objectReference: {fileID: 0}
    - target: {fileID: -8679921383154817045, guid: cb5eecd67df12a142a2a1ef0f76b20d7, type: 3}
      propertyPath: m_LocalRotation.z
      value: 0.5
      objectReference: {fileID: 0}
    - target: {fileID: -8679921383154817045, guid: cb5eecd67df12a142a2a1ef0f76b20d7, type: 3}
      propertyPath: m_LocalEulerAnglesHint.x
      value: -90
      objectReference: {fileID: 0}
    - target: {fileID: -8679921383154817045, guid: cb5eecd67df12a142a2a1ef0f76b20d7, type: 3}
      propertyPath: m_LocalEulerAnglesHint.y
      value: 0
      objectReference: {fileID: 0}
    - target: {fileID: -8679921383154817045, guid: cb5eecd67df12a142a2a1ef0f76b20d7, type: 3}
      propertyPath: m_LocalEulerAnglesHint.z
      value: 90
      objectReference: {fileID: 0}
    - target: {fileID: -7511558181221131132, guid: cb5eecd67df12a142a2a1ef0f76b20d7, type: 3}
      propertyPath: m_ScaleInLightmap
      value: 0.03
      objectReference: {fileID: 0}
    - target: {fileID: 919132149155446097, guid: cb5eecd67df12a142a2a1ef0f76b20d7, type: 3}
      propertyPath: m_Name
      value: SteelPlank_Small (5)
      objectReference: {fileID: 0}
    - target: {fileID: 919132149155446097, guid: cb5eecd67df12a142a2a1ef0f76b20d7, type: 3}
      propertyPath: m_StaticEditorFlags
      value: 4294967295
      objectReference: {fileID: 0}
    m_RemovedComponents: []
  m_SourcePrefab: {fileID: 100100000, guid: cb5eecd67df12a142a2a1ef0f76b20d7, type: 3}
--- !u!4 &4174218646033217311 stripped
Transform:
  m_CorrespondingSourceObject: {fileID: -8679921383154817045, guid: cb5eecd67df12a142a2a1ef0f76b20d7, type: 3}
  m_PrefabInstance: {fileID: 4496691135516922100}
  m_PrefabAsset: {fileID: 0}
--- !u!1001 &4595858126264454947
PrefabInstance:
  m_ObjectHideFlags: 0
  serializedVersion: 2
  m_Modification:
    m_TransformParent: {fileID: 8949913039237165988}
    m_Modifications:
    - target: {fileID: -8679921383154817045, guid: cb5eecd67df12a142a2a1ef0f76b20d7, type: 3}
      propertyPath: m_RootOrder
      value: 3
      objectReference: {fileID: 0}
    - target: {fileID: -8679921383154817045, guid: cb5eecd67df12a142a2a1ef0f76b20d7, type: 3}
      propertyPath: m_LocalPosition.x
      value: -0.218
      objectReference: {fileID: 0}
    - target: {fileID: -8679921383154817045, guid: cb5eecd67df12a142a2a1ef0f76b20d7, type: 3}
      propertyPath: m_LocalPosition.y
      value: 0
      objectReference: {fileID: 0}
    - target: {fileID: -8679921383154817045, guid: cb5eecd67df12a142a2a1ef0f76b20d7, type: 3}
      propertyPath: m_LocalPosition.z
      value: -0.282
      objectReference: {fileID: 0}
    - target: {fileID: -8679921383154817045, guid: cb5eecd67df12a142a2a1ef0f76b20d7, type: 3}
      propertyPath: m_LocalRotation.w
      value: 0.7071067
      objectReference: {fileID: 0}
    - target: {fileID: -8679921383154817045, guid: cb5eecd67df12a142a2a1ef0f76b20d7, type: 3}
      propertyPath: m_LocalRotation.x
      value: -0.7071068
      objectReference: {fileID: 0}
    - target: {fileID: -8679921383154817045, guid: cb5eecd67df12a142a2a1ef0f76b20d7, type: 3}
      propertyPath: m_LocalRotation.y
      value: 0
      objectReference: {fileID: 0}
    - target: {fileID: -8679921383154817045, guid: cb5eecd67df12a142a2a1ef0f76b20d7, type: 3}
      propertyPath: m_LocalRotation.z
      value: -0
      objectReference: {fileID: 0}
    - target: {fileID: -8679921383154817045, guid: cb5eecd67df12a142a2a1ef0f76b20d7, type: 3}
      propertyPath: m_LocalEulerAnglesHint.x
      value: 0
      objectReference: {fileID: 0}
    - target: {fileID: -8679921383154817045, guid: cb5eecd67df12a142a2a1ef0f76b20d7, type: 3}
      propertyPath: m_LocalEulerAnglesHint.y
      value: 0
      objectReference: {fileID: 0}
    - target: {fileID: -8679921383154817045, guid: cb5eecd67df12a142a2a1ef0f76b20d7, type: 3}
      propertyPath: m_LocalEulerAnglesHint.z
      value: 0
      objectReference: {fileID: 0}
    - target: {fileID: -7511558181221131132, guid: cb5eecd67df12a142a2a1ef0f76b20d7, type: 3}
      propertyPath: m_ScaleInLightmap
      value: 0.03
      objectReference: {fileID: 0}
    - target: {fileID: 919132149155446097, guid: cb5eecd67df12a142a2a1ef0f76b20d7, type: 3}
      propertyPath: m_Name
      value: SteelPlank_Small (1)
      objectReference: {fileID: 0}
    - target: {fileID: 919132149155446097, guid: cb5eecd67df12a142a2a1ef0f76b20d7, type: 3}
      propertyPath: m_StaticEditorFlags
      value: 4294967295
      objectReference: {fileID: 0}
    m_RemovedComponents: []
  m_SourcePrefab: {fileID: 100100000, guid: cb5eecd67df12a142a2a1ef0f76b20d7, type: 3}
--- !u!4 &4057037243857545416 stripped
Transform:
  m_CorrespondingSourceObject: {fileID: -8679921383154817045, guid: cb5eecd67df12a142a2a1ef0f76b20d7, type: 3}
  m_PrefabInstance: {fileID: 4595858126264454947}
  m_PrefabAsset: {fileID: 0}
--- !u!1001 &4891768903549496082
PrefabInstance:
  m_ObjectHideFlags: 0
  serializedVersion: 2
  m_Modification:
    m_TransformParent: {fileID: 8949913039237165988}
    m_Modifications:
    - target: {fileID: -8679921383154817045, guid: fb453ca4163737549b9c9584c5cd19e6, type: 3}
      propertyPath: m_RootOrder
      value: 1
      objectReference: {fileID: 0}
    - target: {fileID: -8679921383154817045, guid: fb453ca4163737549b9c9584c5cd19e6, type: 3}
      propertyPath: m_LocalPosition.x
      value: 0
      objectReference: {fileID: 0}
    - target: {fileID: -8679921383154817045, guid: fb453ca4163737549b9c9584c5cd19e6, type: 3}
      propertyPath: m_LocalPosition.y
      value: 0
      objectReference: {fileID: 0}
    - target: {fileID: -8679921383154817045, guid: fb453ca4163737549b9c9584c5cd19e6, type: 3}
      propertyPath: m_LocalPosition.z
      value: 0
      objectReference: {fileID: 0}
    - target: {fileID: -8679921383154817045, guid: fb453ca4163737549b9c9584c5cd19e6, type: 3}
      propertyPath: m_LocalRotation.w
      value: 0.7071067
      objectReference: {fileID: 0}
    - target: {fileID: -8679921383154817045, guid: fb453ca4163737549b9c9584c5cd19e6, type: 3}
      propertyPath: m_LocalRotation.x
      value: -0.7071068
      objectReference: {fileID: 0}
    - target: {fileID: -8679921383154817045, guid: fb453ca4163737549b9c9584c5cd19e6, type: 3}
      propertyPath: m_LocalRotation.y
      value: -0
      objectReference: {fileID: 0}
    - target: {fileID: -8679921383154817045, guid: fb453ca4163737549b9c9584c5cd19e6, type: 3}
      propertyPath: m_LocalRotation.z
      value: -0
      objectReference: {fileID: 0}
    - target: {fileID: -8679921383154817045, guid: fb453ca4163737549b9c9584c5cd19e6, type: 3}
      propertyPath: m_LocalEulerAnglesHint.x
      value: 0
      objectReference: {fileID: 0}
    - target: {fileID: -8679921383154817045, guid: fb453ca4163737549b9c9584c5cd19e6, type: 3}
      propertyPath: m_LocalEulerAnglesHint.y
      value: 0
      objectReference: {fileID: 0}
    - target: {fileID: -8679921383154817045, guid: fb453ca4163737549b9c9584c5cd19e6, type: 3}
      propertyPath: m_LocalEulerAnglesHint.z
      value: 0
      objectReference: {fileID: 0}
    - target: {fileID: -7511558181221131132, guid: fb453ca4163737549b9c9584c5cd19e6, type: 3}
      propertyPath: m_ScaleInLightmap
      value: 0.08
      objectReference: {fileID: 0}
    - target: {fileID: 919132149155446097, guid: fb453ca4163737549b9c9584c5cd19e6, type: 3}
      propertyPath: m_Name
      value: BlackWooden Table
      objectReference: {fileID: 0}
    - target: {fileID: 919132149155446097, guid: fb453ca4163737549b9c9584c5cd19e6, type: 3}
      propertyPath: m_StaticEditorFlags
      value: 4294967295
      objectReference: {fileID: 0}
    m_RemovedComponents: []
  m_SourcePrefab: {fileID: 100100000, guid: fb453ca4163737549b9c9584c5cd19e6, type: 3}
--- !u!4 &4929669845313899769 stripped
Transform:
  m_CorrespondingSourceObject: {fileID: -8679921383154817045, guid: fb453ca4163737549b9c9584c5cd19e6, type: 3}
  m_PrefabInstance: {fileID: 4891768903549496082}
  m_PrefabAsset: {fileID: 0}
--- !u!1001 &4891768903662175534
PrefabInstance:
  m_ObjectHideFlags: 0
  serializedVersion: 2
  m_Modification:
    m_TransformParent: {fileID: 8949913039237165988}
    m_Modifications:
    - target: {fileID: -8679921383154817045, guid: 810f7b14c83a19e4c8b909a890a0cac0, type: 3}
      propertyPath: m_RootOrder
      value: 0
      objectReference: {fileID: 0}
    - target: {fileID: -8679921383154817045, guid: 810f7b14c83a19e4c8b909a890a0cac0, type: 3}
      propertyPath: m_LocalScale.y
      value: 1.008
      objectReference: {fileID: 0}
    - target: {fileID: -8679921383154817045, guid: 810f7b14c83a19e4c8b909a890a0cac0, type: 3}
      propertyPath: m_LocalPosition.x
      value: 0
      objectReference: {fileID: 0}
    - target: {fileID: -8679921383154817045, guid: 810f7b14c83a19e4c8b909a890a0cac0, type: 3}
      propertyPath: m_LocalPosition.y
      value: 0.642
      objectReference: {fileID: 0}
    - target: {fileID: -8679921383154817045, guid: 810f7b14c83a19e4c8b909a890a0cac0, type: 3}
      propertyPath: m_LocalPosition.z
      value: -0.028
      objectReference: {fileID: 0}
    - target: {fileID: -8679921383154817045, guid: 810f7b14c83a19e4c8b909a890a0cac0, type: 3}
      propertyPath: m_LocalRotation.w
      value: 0.5000746
      objectReference: {fileID: 0}
    - target: {fileID: -8679921383154817045, guid: 810f7b14c83a19e4c8b909a890a0cac0, type: 3}
      propertyPath: m_LocalRotation.x
      value: -0.50007457
      objectReference: {fileID: 0}
    - target: {fileID: -8679921383154817045, guid: 810f7b14c83a19e4c8b909a890a0cac0, type: 3}
      propertyPath: m_LocalRotation.y
      value: 0.4999255
      objectReference: {fileID: 0}
    - target: {fileID: -8679921383154817045, guid: 810f7b14c83a19e4c8b909a890a0cac0, type: 3}
      propertyPath: m_LocalRotation.z
      value: 0.49992543
      objectReference: {fileID: 0}
    - target: {fileID: -8679921383154817045, guid: 810f7b14c83a19e4c8b909a890a0cac0, type: 3}
      propertyPath: m_LocalEulerAnglesHint.x
      value: -90
      objectReference: {fileID: 0}
    - target: {fileID: -8679921383154817045, guid: 810f7b14c83a19e4c8b909a890a0cac0, type: 3}
      propertyPath: m_LocalEulerAnglesHint.y
      value: 0
      objectReference: {fileID: 0}
    - target: {fileID: -8679921383154817045, guid: 810f7b14c83a19e4c8b909a890a0cac0, type: 3}
      propertyPath: m_LocalEulerAnglesHint.z
      value: 89.983
      objectReference: {fileID: 0}
    - target: {fileID: -7511558181221131132, guid: 810f7b14c83a19e4c8b909a890a0cac0, type: 3}
      propertyPath: m_ScaleInLightmap
      value: 0.08
      objectReference: {fileID: 0}
    - target: {fileID: 919132149155446097, guid: 810f7b14c83a19e4c8b909a890a0cac0, type: 3}
      propertyPath: m_Name
      value: WoodPlank_1
      objectReference: {fileID: 0}
    - target: {fileID: 919132149155446097, guid: 810f7b14c83a19e4c8b909a890a0cac0, type: 3}
      propertyPath: m_StaticEditorFlags
      value: 4294967295
      objectReference: {fileID: 0}
    m_RemovedComponents: []
  m_SourcePrefab: {fileID: 100100000, guid: 810f7b14c83a19e4c8b909a890a0cac0, type: 3}
--- !u!4 &4929669845159207621 stripped
Transform:
  m_CorrespondingSourceObject: {fileID: -8679921383154817045, guid: 810f7b14c83a19e4c8b909a890a0cac0, type: 3}
  m_PrefabInstance: {fileID: 4891768903662175534}
  m_PrefabAsset: {fileID: 0}
--- !u!1001 &6738271292449190143
PrefabInstance:
  m_ObjectHideFlags: 0
  serializedVersion: 2
  m_Modification:
    m_TransformParent: {fileID: 8949913039237165988}
    m_Modifications:
    - target: {fileID: -8679921383154817045, guid: cb5eecd67df12a142a2a1ef0f76b20d7, type: 3}
      propertyPath: m_RootOrder
      value: 6
      objectReference: {fileID: 0}
    - target: {fileID: -8679921383154817045, guid: cb5eecd67df12a142a2a1ef0f76b20d7, type: 3}
      propertyPath: m_LocalScale.x
      value: 1.1328
      objectReference: {fileID: 0}
    - target: {fileID: -8679921383154817045, guid: cb5eecd67df12a142a2a1ef0f76b20d7, type: 3}
      propertyPath: m_LocalPosition.x
      value: -0.99
      objectReference: {fileID: 0}
    - target: {fileID: -8679921383154817045, guid: cb5eecd67df12a142a2a1ef0f76b20d7, type: 3}
      propertyPath: m_LocalPosition.y
      value: 0
      objectReference: {fileID: 0}
    - target: {fileID: -8679921383154817045, guid: cb5eecd67df12a142a2a1ef0f76b20d7, type: 3}
      propertyPath: m_LocalPosition.z
      value: -0.001
      objectReference: {fileID: 0}
    - target: {fileID: -8679921383154817045, guid: cb5eecd67df12a142a2a1ef0f76b20d7, type: 3}
      propertyPath: m_LocalRotation.w
      value: 0.5
      objectReference: {fileID: 0}
    - target: {fileID: -8679921383154817045, guid: cb5eecd67df12a142a2a1ef0f76b20d7, type: 3}
      propertyPath: m_LocalRotation.x
      value: -0.5
      objectReference: {fileID: 0}
    - target: {fileID: -8679921383154817045, guid: cb5eecd67df12a142a2a1ef0f76b20d7, type: 3}
      propertyPath: m_LocalRotation.y
      value: 0.5
      objectReference: {fileID: 0}
    - target: {fileID: -8679921383154817045, guid: cb5eecd67df12a142a2a1ef0f76b20d7, type: 3}
      propertyPath: m_LocalRotation.z
      value: 0.5
      objectReference: {fileID: 0}
    - target: {fileID: -8679921383154817045, guid: cb5eecd67df12a142a2a1ef0f76b20d7, type: 3}
      propertyPath: m_LocalEulerAnglesHint.x
      value: -90
      objectReference: {fileID: 0}
    - target: {fileID: -8679921383154817045, guid: cb5eecd67df12a142a2a1ef0f76b20d7, type: 3}
      propertyPath: m_LocalEulerAnglesHint.y
      value: 0
      objectReference: {fileID: 0}
    - target: {fileID: -8679921383154817045, guid: cb5eecd67df12a142a2a1ef0f76b20d7, type: 3}
      propertyPath: m_LocalEulerAnglesHint.z
      value: 90
      objectReference: {fileID: 0}
    - target: {fileID: -7511558181221131132, guid: cb5eecd67df12a142a2a1ef0f76b20d7, type: 3}
      propertyPath: m_ScaleInLightmap
      value: 0.03
      objectReference: {fileID: 0}
    - target: {fileID: 919132149155446097, guid: cb5eecd67df12a142a2a1ef0f76b20d7, type: 3}
      propertyPath: m_Name
      value: SteelPlank_Small (4)
      objectReference: {fileID: 0}
    - target: {fileID: 919132149155446097, guid: cb5eecd67df12a142a2a1ef0f76b20d7, type: 3}
      propertyPath: m_StaticEditorFlags
      value: 4294967295
      objectReference: {fileID: 0}
    m_RemovedComponents: []
  m_SourcePrefab: {fileID: 100100000, guid: cb5eecd67df12a142a2a1ef0f76b20d7, type: 3}
--- !u!4 &6487892073198917396 stripped
Transform:
  m_CorrespondingSourceObject: {fileID: -8679921383154817045, guid: cb5eecd67df12a142a2a1ef0f76b20d7, type: 3}
  m_PrefabInstance: {fileID: 6738271292449190143}
  m_PrefabAsset: {fileID: 0}
--- !u!1001 &8289796945730090013
PrefabInstance:
  m_ObjectHideFlags: 0
  serializedVersion: 2
  m_Modification:
    m_TransformParent: {fileID: 8949913039237165988}
    m_Modifications:
    - target: {fileID: -8679921383154817045, guid: cb5eecd67df12a142a2a1ef0f76b20d7, type: 3}
      propertyPath: m_RootOrder
      value: 2
      objectReference: {fileID: 0}
    - target: {fileID: -8679921383154817045, guid: cb5eecd67df12a142a2a1ef0f76b20d7, type: 3}
      propertyPath: m_LocalPosition.x
      value: -0.74
      objectReference: {fileID: 0}
    - target: {fileID: -8679921383154817045, guid: cb5eecd67df12a142a2a1ef0f76b20d7, type: 3}
      propertyPath: m_LocalPosition.y
      value: 0
      objectReference: {fileID: 0}
    - target: {fileID: -8679921383154817045, guid: cb5eecd67df12a142a2a1ef0f76b20d7, type: 3}
      propertyPath: m_LocalPosition.z
      value: -0.282
      objectReference: {fileID: 0}
    - target: {fileID: -8679921383154817045, guid: cb5eecd67df12a142a2a1ef0f76b20d7, type: 3}
      propertyPath: m_LocalRotation.w
      value: 0.7071067
      objectReference: {fileID: 0}
    - target: {fileID: -8679921383154817045, guid: cb5eecd67df12a142a2a1ef0f76b20d7, type: 3}
      propertyPath: m_LocalRotation.x
      value: -0.7071068
      objectReference: {fileID: 0}
    - target: {fileID: -8679921383154817045, guid: cb5eecd67df12a142a2a1ef0f76b20d7, type: 3}
      propertyPath: m_LocalRotation.y
      value: 0
      objectReference: {fileID: 0}
    - target: {fileID: -8679921383154817045, guid: cb5eecd67df12a142a2a1ef0f76b20d7, type: 3}
      propertyPath: m_LocalRotation.z
      value: -0
      objectReference: {fileID: 0}
    - target: {fileID: -8679921383154817045, guid: cb5eecd67df12a142a2a1ef0f76b20d7, type: 3}
      propertyPath: m_LocalEulerAnglesHint.x
      value: 0
      objectReference: {fileID: 0}
    - target: {fileID: -8679921383154817045, guid: cb5eecd67df12a142a2a1ef0f76b20d7, type: 3}
      propertyPath: m_LocalEulerAnglesHint.y
      value: 0
      objectReference: {fileID: 0}
    - target: {fileID: -8679921383154817045, guid: cb5eecd67df12a142a2a1ef0f76b20d7, type: 3}
      propertyPath: m_LocalEulerAnglesHint.z
      value: 0
      objectReference: {fileID: 0}
    - target: {fileID: -7511558181221131132, guid: cb5eecd67df12a142a2a1ef0f76b20d7, type: 3}
      propertyPath: m_ScaleInLightmap
      value: 0.03
      objectReference: {fileID: 0}
    - target: {fileID: 919132149155446097, guid: cb5eecd67df12a142a2a1ef0f76b20d7, type: 3}
      propertyPath: m_Name
      value: SteelPlank_Small
      objectReference: {fileID: 0}
    - target: {fileID: 919132149155446097, guid: cb5eecd67df12a142a2a1ef0f76b20d7, type: 3}
      propertyPath: m_StaticEditorFlags
      value: 4294967295
      objectReference: {fileID: 0}
    m_RemovedComponents: []
  m_SourcePrefab: {fileID: 100100000, guid: cb5eecd67df12a142a2a1ef0f76b20d7, type: 3}
--- !u!4 &8395271675530269686 stripped
Transform:
  m_CorrespondingSourceObject: {fileID: -8679921383154817045, guid: cb5eecd67df12a142a2a1ef0f76b20d7, type: 3}
  m_PrefabInstance: {fileID: 8289796945730090013}
  m_PrefabAsset: {fileID: 0}
--- !u!1001 &8528715463820807986
PrefabInstance:
  m_ObjectHideFlags: 0
  serializedVersion: 2
  m_Modification:
    m_TransformParent: {fileID: 8949913039237165988}
    m_Modifications:
    - target: {fileID: -8679921383154817045, guid: cb5eecd67df12a142a2a1ef0f76b20d7, type: 3}
      propertyPath: m_RootOrder
      value: 5
      objectReference: {fileID: 0}
    - target: {fileID: -8679921383154817045, guid: cb5eecd67df12a142a2a1ef0f76b20d7, type: 3}
      propertyPath: m_LocalScale.x
      value: 0.81891
      objectReference: {fileID: 0}
    - target: {fileID: -8679921383154817045, guid: cb5eecd67df12a142a2a1ef0f76b20d7, type: 3}
      propertyPath: m_LocalPosition.x
      value: 0.783
      objectReference: {fileID: 0}
    - target: {fileID: -8679921383154817045, guid: cb5eecd67df12a142a2a1ef0f76b20d7, type: 3}
      propertyPath: m_LocalPosition.y
      value: 0
      objectReference: {fileID: 0}
    - target: {fileID: -8679921383154817045, guid: cb5eecd67df12a142a2a1ef0f76b20d7, type: 3}
      propertyPath: m_LocalPosition.z
      value: -0.282
      objectReference: {fileID: 0}
    - target: {fileID: -8679921383154817045, guid: cb5eecd67df12a142a2a1ef0f76b20d7, type: 3}
      propertyPath: m_LocalRotation.w
      value: 0.7071067
      objectReference: {fileID: 0}
    - target: {fileID: -8679921383154817045, guid: cb5eecd67df12a142a2a1ef0f76b20d7, type: 3}
      propertyPath: m_LocalRotation.x
      value: -0.7071068
      objectReference: {fileID: 0}
    - target: {fileID: -8679921383154817045, guid: cb5eecd67df12a142a2a1ef0f76b20d7, type: 3}
      propertyPath: m_LocalRotation.y
      value: 0
      objectReference: {fileID: 0}
    - target: {fileID: -8679921383154817045, guid: cb5eecd67df12a142a2a1ef0f76b20d7, type: 3}
      propertyPath: m_LocalRotation.z
      value: -0
      objectReference: {fileID: 0}
    - target: {fileID: -8679921383154817045, guid: cb5eecd67df12a142a2a1ef0f76b20d7, type: 3}
      propertyPath: m_LocalEulerAnglesHint.x
      value: 0
      objectReference: {fileID: 0}
    - target: {fileID: -8679921383154817045, guid: cb5eecd67df12a142a2a1ef0f76b20d7, type: 3}
      propertyPath: m_LocalEulerAnglesHint.y
      value: 0
      objectReference: {fileID: 0}
    - target: {fileID: -8679921383154817045, guid: cb5eecd67df12a142a2a1ef0f76b20d7, type: 3}
      propertyPath: m_LocalEulerAnglesHint.z
      value: 0
      objectReference: {fileID: 0}
    - target: {fileID: -7511558181221131132, guid: cb5eecd67df12a142a2a1ef0f76b20d7, type: 3}
      propertyPath: m_ScaleInLightmap
      value: 0.03
      objectReference: {fileID: 0}
    - target: {fileID: 919132149155446097, guid: cb5eecd67df12a142a2a1ef0f76b20d7, type: 3}
      propertyPath: m_Name
      value: SteelPlank_Small (3)
      objectReference: {fileID: 0}
    - target: {fileID: 919132149155446097, guid: cb5eecd67df12a142a2a1ef0f76b20d7, type: 3}
      propertyPath: m_StaticEditorFlags
      value: 4294967295
      objectReference: {fileID: 0}
    m_RemovedComponents: []
  m_SourcePrefab: {fileID: 100100000, guid: cb5eecd67df12a142a2a1ef0f76b20d7, type: 3}
--- !u!4 &8202933967584159961 stripped
Transform:
  m_CorrespondingSourceObject: {fileID: -8679921383154817045, guid: cb5eecd67df12a142a2a1ef0f76b20d7, type: 3}
  m_PrefabInstance: {fileID: 8528715463820807986}
  m_PrefabAsset: {fileID: 0}
